3367 5192
846 347 891 409 24

284 575 361 620 eum
391 556 518 622 diaeret
549 555 626 638 (1.1.
654 575 684 641 p.
702 558 765 620 377
796 557 871 640 aql:
899 559 946 623 Es
976 577 1067 622 muss
1099 557 1245 624 darnaeb
1277 563 1379 624 etwas
1411 561 1459 623 im

285 661 410 728 Wesen
426 664 484 728 der
497 662 648 728 Gottheit
658 663 810 748 gegeben
822 666 906 746 sein,
917 663 1062 729 welches
1075 663 1130 728 die
1141 663 1333 728 rielfacben
1342 663 1460 730 Local·

284 786 405 832 nemen
437 768 712 849 hervorbracht03
748 789 825 833 man
864 787 955 834 muas
988 770 1039 834 eie
1070 769 1144 834 sich
1175 773 1258 834 stets
1287 770 1457 835 iunerlieb

284 873 479 939 verbunden
506 874 575 938 und
604 874 953 958 zusammeuhaugeud
979 876 1042 939 mit
1068 875 1128 940 der
1151 874 1291 959 (legend
1314 861 1459 958 gedaoht

284 980 408 1062 baben,
439 979 496 1045 die
526 981 576 1046 sie
605 980 789 1047 bewohnte.
835 979 891 1044 Sie
921 981 1014 1045 fubrt
1042 981 1102 1045 auf
1126 981 1192 1045 deu
1213 979 1344 1064 Begriff
1364 983 1459 1047 einer

282 1085 496 1170 Nabugbttin
519 1105 585 1151 ron
608 1086 814 1169 ahnliohem,
845 1104 909 1149 nur
939 1086 1215 1169 allgemeinerem
1238 1085 1378 1171 Weeeu,
1408 1088 1458 1152 als

283 1193 340 1258 die
354 1190 533 1276 Nymphon
555 1192 616 1257 der
635 1191 755 1277 Berge,
779 1193 907 1275 Fldsse,
930 1190 1058 1275 Bache,
1081 1193 1185 1258 daber
1207 1193 1265 1258 ein
1284 1194 1459 1259 einsiohts·

284 1299 392 1363 voller
415 1298 592 1364 Gelehrter
621 1299 676 1364 die
704 1297 786 1363 Idee
816 1298 877 1364 der
899 1297 1015 1363 Gottiu
1042 1317 1109 1363 rou
1134 1300 1212 1366 dem
1235 1285 1387 1365 Glaubeu
1415 1320 1459 1364 au

283 1402 462 1487 Nympheu
497 1403 678 1488 abgeleitet
715 1405 773 1469 hat
812 1404 1068 1488 (Mitscberlich,
1100 1405 1142 1470 de
1178 1405 1287 1470 Diana
1318 1406 1458 1490 Sospita,

283 1509 371 1575 Gott.
396 1507 504 1590 1821).

373 1633 428 1698 Sic
450 1635 517 1698 iam
540 1635 719 1720 principali
741 1633 871 1698 Dianae
893 1639 1012 1699 natura
1032 1636 1202 1719 explicata
1225 1640 1259 1701 et
1274 1636 1460 1702 distinctio·

285 1741 385 1806 nibus
406 1741 554 1824 priorum
583 1742 781 1826 scriptorum
809 1741 964 1806 refutatis
993 1742 1035 1805 ad
1061 1741 1273 1825 Graecorum,
1304 1761 1389 1824 quae
1416 1743 1458 1807 de

283 1849 344 1912 illa
363 1846 506 1912 traditae
530 1851 615 1930 eunt,
639 1848 824 1912 sententias
840 1849 1020 1932 pergimus,
1043 1867 1109 1930 qua
1131 1850 1168 1912 in
1189 1868 1227 1912 re
1248 1850 1393 1932 primum
1416 1849 1459 1914 de

283 1953 516 2036 relationibus,
549 1973 633 2036 quae
660 1955 749 2018 inter
770 1952 913 2018 Dianam
941 1958 975 2019 et
1002 1955 1086 2019 alios
1115 1955 1195 2019 deos
1220 1955 1460 2040 cogitabantur,

284 2059 462 2125 dicendum
483 2059 579 2125 nobis
604 2061 676 2124 erit.

765 2356 891 2459 deput
917 2357 981 2440 lll.

322 2515 408 2594 Quae
430 2514 574 2606 cognatio
596 2514 649 2587 rel
670 2513 871 2588 neusaltudo
893 2513 1014 2586 Dianae
1036 2533 1109 2586 eum
1131 2514 1205 2586 aliis
1227 2515 1290 2587 dile
1312 2514 1419 2588 tuerit

376 2659 479 2737 Quasi
501 2662 543 2726 de
566 2663 684 2744 quovis
708 2662 854 2748 bomine,
884 2661 979 2726 cuius
1002 2665 1157 2746 parentes
1180 2663 1381 2744 noverimus,
1410 2662 1460 2727 sie

286 2769 329 2835 de
351 2767 460 2832 Diana
480 2769 606 2832 rectius
621 2767 853 2851 iudicabimus,
870 2785 947 2832 cum
970 2767 1042 2831 eius
1058 2767 1221 2851 originem
1244 2772 1279 2831 et
1294 2768 1461 2851 coguatio-

285 2894 364 2940 nem
385 2874 665 2958 perspexerimus
706 2873 790 2938 (lum
811 2875 849 2937 in
870 2873 1014 2938 decursu
1035 2878 1222 2958 temporum
1243 2874 1460 2958 genealogiae

284 2981 422 3046 deorum
446 2983 592 3044 mutatae
615 2980 696 3062 sint,
726 2981 974 3062 antiquissimae
997 2981 1190 3062 restituere,
1220 2981 1249 3043 si
1272 2980 1314 3044 ad
1337 2980 1461 3045 descri-

287 3087 430 3151 bendum
458 3086 679 3170 principalem
713 3086 795 3151 deae
824 3090 978 3179 naturam
1006 3085 1166 3150 adbibere
1192 3085 1270 3150 illas
1298 3086 1459 3169 volumus,

285 3211 346 3257 nos
370 3211 451 3276 opus
475 3196 535 3258 est

376 3318 485 3401 Vulgo
509 3316 713 3382 Graecorum
739 3322 857 3403 poetae
886 3322 921 3383 et
949 3318 1127 3403 scriptores
1150 3315 1292 3381 Dianam
1314 3314 1403 3380 Iovis
1427 3319 1461 3380 et

286 3423 434 3490 Latonae
470 3423 575 3488 filiam
609 3423 845 3506 Apollinisque
879 3441 1025 3488 sororem
1066 3441 1140 3487 esse
1173 3422 1320 3505 tradunt,
1361 3440 1461 3504 quam

287 3531 518 3615 genealogiam
547 3531 615 3594 iam
639 3530 870 3612 antiquissima
899 3533 1009 3594 aetate
1031 3530 1201 3613 vulgatam
1227 3527 1332 3593 fuisse
1361 3545 1462 3612 nega·

287 3637 404 3703 verim.
449 3634 534 3701 Nam
565 3655 640 3700 oum
662 3635 771 3700 Diana
801 3637 863 3700 illa
885 3637 1117 3719 antiquissima
1148 3634 1265 3700 eadem
1292 3653 1332 3699 ac
1353 3632 1460 3698 Dione

287 3743 467 3808 Dodonaea
489 3742 599 3824 fuerit,
623 3740 713 3806 Iovis
735 3760 829 3824 uxor,
853 3761 921 3807 nou
942 3741 1014 3806 filia
1036 3742 1151 3806 habita
1173 3742 1218 3805 sit
1239 3758 1378 3805 necesse
1401 3743 1461 3804 est

284 3849 436 3915 Primum
466 3851 601 3933 quidem
631 3848 687 3914 rel
715 3867 759 3913 ex
789 3867 829 3913 eo
860 3848 924 3912 hoo
947 3848 1062 3932 colligi
1083 3852 1207 3932 petest,
1237 3846 1325 3929 quod
1347 3865 1461 3928 quem·

287 3956 463 4023 admodum
485 3955 613 4040 Iupiter
640 3955 787 4020 omnium
808 3973 923 4019 rerum
945 3973 1066 4038 pareus
1089 3952 1286 4036 habebatur,
1310 3947 1367 4017 'sic
1392 3953 1462 4016 rim

285 4067 395 4128 terrae
418 4064 657 4128 immanentem
672 4062 768 4145 quasi
783 4061 966 4126 femineam
982 4060 1181 4145 cogitabant,
1205 4079 1249 4124 ex
1271 4077 1337 4140 qua
1354 4062 1460 4123 matre

286 4171 398 4234 omnia
420 4172 645 4254 procreentur.
685 4165 803 4251 Itaque
820 4168 1012 4252 coniugium
1035 4166 1199 4250 quoddam
1222 4167 1403 4229 humanum
1425 4165 1461 4229 in

287 4275 423 4342 modum
443 4278 533 4342 iuter
552 4277 629 4342 illos
644 4275 750 4340 fidsse
765 4275 918 4340 homines
933 4273 1154 4340 vetustissimi
1168 4271 1339 4357 putabant,
1362 4270 1462 4354 quale

287 4379 379 4446 Iovis
409 4387 445 4447 et
465 4382 590 4448 Diones
614 4383 701 4467 apud
722 4380 883 4466 Pelasgos
905 4380 1011 4446 fuisse
1034 4380 1166 4445 scimus.
1212 4377 1266 4461 (cf.
1289 4378 1331 4442 de
1354 4376 1462 4441 Diona

287 4485 455 4572 Walclrer,
478 4488 536 4554 Th.
551 4488 608 4554 Gr.
631 4488 657 4572 I,
680 4508 710 4573 p.
728 4489 792 4552 352
808 4484 868 4570 sq.)
912 4485 1035 4552 Postea
1056 4505 1145 4567 vero,
1169 4503 1246 4549 cum
1268 4485 1351 4549 deae
1375 4484 1462 4548 aliae
