3367 5192
854 341 896 403 76

285 553 505 636 Elaphebolia
528 552 791 635 celebrabantur,
815 570 901 633 quae
924 551 1100 618 sollemnia
1121 551 1231 617 mensi
1252 568 1364 633 verno,
1392 567 1457 631 quo

285 639 421 742 fiebant,
440 677 567 723 nomen
590 657 784 728 indiderunt
804 657 1086 742 Elaphebolionis,
1108 657 1167 737 qui
1188 655 1280 722 idem
1302 655 1342 720 ab
1365 654 1458 723 Eleis

287 765 450 848 Elaphius
488 765 668 830 vocabatur
679 763 712 846 ¹).
769 765 893 830 Cervos
931 768 1043 830 autem
1081 764 1141 830 illo
1173 781 1277 829 verno
1309 768 1459 846 tempore

288 874 464 955 propterea
485 872 693 938 venabantur
715 870 849 953 Graeci,
880 890 924 934 ns
952 869 1123 952 segetibus
1145 868 1238 934 forae
1259 863 1458 949 nocerent2).

373 994 503 1060 Deinde
527 997 600 1080 apri
614 995 742 1060 Dianae
765 997 853 1061 sacri
873 1000 977 1076 erant,
1002 994 1123 1076 quibus
1137 993 1202 1058 dea
1217 992 1259 1056 ad
1273 992 1459 1075 puniendos

286 1101 436 1166 homines
450 1120 512 1166 usa
527 1120 601 1166 esse
617 1101 732 1182 fertum,
747 1107 786 1165 ut
800 1106 929 1186 segetes
946 1117 1165 1185 agrorumque
1177 1098 1306 1162 fructus
1318 1099 1460 1162 homini·

285 1206 348 1270 bus
369 1203 606 1291 deperderet³).
640 1206 758 1290 Itaque
774 1209 870 1289 quasi
890 1207 1065 1271 irascentis
1079 1204 1162 1269 deae
1185 1204 1373 1286 symbolum
1395 1203 1459 1268 hae

287 1312 416 1377 bestiae
432 1318 509 1378 sunt
525 1318 559 1378 et
574 1313 816 1396 formidolosae,
840 1313 883 1377 de
899 1331 964 1395 qua
979 1313 1168 1396 proximum
1184 1313 1285 1394 caput
1300 1309 1459 1374 conferas.

288 1417 533 1484 Celeberrimus
565 1423 676 1483 autem
709 1424 780 1483 erat
813 1417 1015 1498 Calydonius
1050 1413 1172 1501 aper4),
1209 1434 1308 1498 quem
1335 1415 1399 1480 dea
1423 1416 1460 1477 in

289 1524 458 1588 Aetoliam
488 1525 669 1590 immisisse
704 1525 839 1607 dicitur,
871 1528 910 1588 ut
923 1571 926 1576 .
939 1521 1090 1588 Oeneum
1120 1523 1268 1606 puniret,
1305 1523 1363 1602 qui
1397 1521 1460 1584 soli

286 1627 414 1693 Dianae
436 1630 569 1714 frugum
591 1632 756 1714 primitias
781 1630 970 1695 sacrificare
992 1632 1160 1695 omiserat.

376 1751 459 1817 Tum
486 1771 599 1835 ursus,
635 1754 676 1818 do
707 1774 771 1836 quo
799 1757 868 1819 iam
897 1755 1057 1837 diximus,
1090 1753 1218 1818 Dianae
1248 1756 1459 1817 consecratus

289 1854 400 1940 eratl).
452 1859 507 1923 Ad
540 1859 697 1940 Cyzicum
725 1879 819 1924 mons
851 1864 923 1924 erat
947 1852 1099 1939 ’Λρκτων
1129 1852 1220 1941 ὄρος,
1258 1857 1319 1922 ubi
1344 1856 1459 1920 fanum

286 1963 515 2045 Dindymenae
527 1968 643 2030 matris
655 1970 735 2047 erat,
751 1965 939 2049 Phrygioue
955 1964 1047 2048 deae,
1066 1983 1164 2046 quam
1176 1963 1315 2028 eandem
1331 1982 1370 2027 ao
1381 1961 1460 2026 Dia·

287 2088 365 2133 nam
379 2071 524 2153 priscam
542 2071 647 2138 fuisse
664 2067 880 2153 censemusil.
908 2071 1078 2150 Atalanta,
1093 2068 1222 2134 Dianae
1238 2071 1345 2133 amica
1361 2073 1459 2150 atque

287 2172 513 2240 illustrissima
535 2179 699 2259 venatrix,
723 2178 764 2242 ab
787 2197 866 2242 ursa
887 2178 1014 2241 nutrita
1036 2194 1110 2241 esse
1125 2171 1272 2253 ferturll.
1311 2173 1458 2255 callisto,

285 2281 321 2342 in
355 2300 419 2365 qua
453 2281 536 2346 deae
568 2283 674 2367 ipsius
707 2283 856 2366 speciem
888 2281 993 2346 latere
1021 2282 1249 2366 cognovimus
1281 2283 1317 2344 in
1346 2299 1459 2344 ursam

287 2390 414 2450 mutata
438 2406 512 2452 esse
533 2385 767 2472 perhibetur8).
812 2387 900 2452 Ursa
930 2406 1009 2452 voro
1040 2388 1166 2452 eximia
1191 2388 1357 2471 pullorum
1380 2404 1459 2452 cura

286 2493 429 2576 insignis
453 2496 613 2577 optimum
634 2492 818 2576 γυναικείας
839 2492 925 2565 θεᾶς,
943 2492 1131 2574 symbolum
1148 2492 1332 2576 videbatur,
1356 2511 1458 2575 quare

289 2599 547 2664 Atheniensium
569 2601 702 2684 puellae
725 2599 853 2665 Dianae
875 2598 1080 2664 Brauroniae
1101 2600 1138 2664 in
1160 2599 1319 2664 honorem
1342 2600 1458 2663 choros

288 2705 448 2770 ducentes
484 2725 636 2771 ursarum
680 2708 826 2791 speciem
867 2705 1013 2790 pellibus
1056 2710 1091 2770 et
1127 2707 1311 2788 posteriore
1348 2710 1457 2770 aetate

286 2813 415 2875 croceis
430 2812 580 2876 vestibus
595 2811 732 2876 indutae
747 2807 1004 2892 imitabanturl),
1026 2806 1138 2888 ἄρκτοι
1152 2812 1245 2894 ipsae
1259 2813 1457 2876 nominatae.

377 2932 465 3009 Quas
489 2935 597 3000 adhuc
619 2937 873 3018 nominavimus,
897 2936 989 3000 ferae
1013 2934 1142 2999 Dianae
1165 2938 1199 3000 et
1221 2952 1335 2998 sacrae
1358 2935 1459 3000 habe·

284 3039 408 3105 bantur
439 3044 473 3104 et
504 3041 688 3121 symbolice
721 3042 910 3106 simulacris
943 3040 1157 3108 addebantur.
1212 3041 1393 3106 Praeterea
1420 3043 1458 3106 in

284 3145 338 3208 his
370 3145 562 3228 symbolicis
593 3147 634 3212 ad
656 3146 799 3212 Dianam
824 3147 1071 3232 pertinentibus
1098 3147 1216 3212 bestiis
1243 3148 1375 3212 leonem
1396 3167 1458 3212 nu-

284 3268 460 3331 meramus,
484 3253 542 3332 qui
564 3271 630 3317 non
653 3254 762 3318 solum
784 3255 1068 3337 speciosissimum
1091 3253 1151 3318 sed
1174 3255 1275 3317 etiam
1298 3256 1455 3337 antiquis·

287 3356 409 3419 simum
423 3355 551 3422 Dianae
573 3357 760 3438 symbolum
776 3363 835 3422 est.
872 3357 1027 3423 Profecto
1043 3358 1180 3441 Dianae,
1205 3376 1289 3443 quae
1305 3351 1457 3422 δέσποινα

360 3599 379 3667 ¹)
396 3601 427 3662 P.
446 3599 481 3667 V,
501 3603 543 3668 13,
562 3601 605 3657 11.

357 3685 379 3755 ²)
400 3689 623 3758 Sabosmann,
641 3690 758 3760 unuqq.
776 3690 823 3748 Gr.
841 3691 878 3759 11,
896 3690 999 3762 aava.

358 3775 379 3843 8)
398 3776 429 3831 P.
448 3777 470 3843 Ι,
489 3774 532 3844 27,
550 3777 577 3834 9.

356 3860 380 3931 ‘l
399 3864 481 3927 Hom·
501 3869 523 3931 Ι,
543 3865 674 3935 mms-
1326 3909 1330 3916 -

358 3948 381 4017 ⁶)
401 3952 435 4008 cl.
447 3953 483 4009 da
494 3970 558 4010 urso
570 3953 757 4022 Baobolen,
775 3955 832 4014 Dor
846 3955 901 4013 mr
915 3956 948 4012 in
964 3955 1020 4012 dnn
1031 3954 1201 4024 Religionem
1213 3954 1262 4010 des
1273 3952 1454 4019 Altsrtlrnma,

285 4040 368 4104 1863,
386 4039 435 4106 qui
453 4040 567 4108 quidem
585 4043 680 4097 omnia
697 4041 851 4112 symbolice
868 4042 1037 4113 explicando
1055 4042 1130 4102 alsa
1147 4041 1215 4102 fines
1232 4041 1321 4102 iustus
1339 4041 1454 4104 ratium

283 4125 489 4282 Ρωεξῖἀέῧ).
508 4214 550 4282 12,
569 4234 597 4286 p.
610 4216 671 4276 575.

340 4349 342 4356 ,
361 4302 383 4370 ⁷)
400 4303 532 4374 nocuos.
549 4304 598 4372 lu,
617 4305 643 4374 9,
662 4304 688 4364 t.
723 4307 834 4367 salian
852 4324 910 4368 var.
928 4308 992 4369 laist.
1012 4307 1054 4375 13,
1074 4307 1098 4363 1.

357 4389 381 4459 ⁸)
398 4391 431 4450 P.
449 4391 525 4457 vm.
542 4394 567 4460 3,
586 4395 612 4452 6.

359 4476 381 4545 ⁹)
400 4480 555 4545 Suebiam
574 4481 615 4537 Da
633 4481 715 4537 Dian.
733 4483 828 4540 Braur.
846 4501 875 4552 p.
887 4483 923 4543 33
938 4501 981 4558 sq.
