3367 5192
773 354 813 417 ot

209 585 242 644 et
255 581 478 664 promontoria
495 581 566 644 eius
583 599 677 646 sacra
692 582 889 664 plerumque
906 587 1009 665 erant,
1024 588 1057 647 et
1070 586 1226 666 portuum
1239 583 1379 646 tutelam

207 687 330 750 habere
345 687 532 770 putabatur,
556 705 658 769 quare
674 685 857 768 Monychia
872 687 979 753 Diana
1002 683 1262 771 λιμννοσκόποςῑ)
1285 688 1375 752 dicta

208 797 260 856 est
283 796 316 856 et
340 789 595 874 Callimachus’)
618 793 716 857 deam
738 787 914 873 lapicidam
935 789 1111 856 ἐπίσκοπον
1133 794 1288 876 appellat.
1321 794 1384 856 Ad

207 899 293 961 hane
330 898 474 980 denique
511 903 663 966 naturam
701 898 915 962 referendum
952 917 1082 980 censeo,
1120 899 1207 981 quod
1243 903 1380 963 moneta

208 1003 400 1087 Magnesiae
412 1003 622 1069 Thessalicae
634 1004 777 1068 Dianam
793 1005 932 1068 exhibet
945 1005 979 1067 in
991 1024 1090 1087 prora
1101 1000 1378 1084 consistentem³).

297 1143 367 1209 Nec
395 1149 507 1209 tamen
529 1147 629 1210 maris
653 1147 834 1210 dominatio
856 1144 984 1209 Dianae
1011 1149 1081 1209 tam
1103 1148 1213 1230 prisca
1233 1147 1375 1229 videtur,

209 1268 307 1330 quam
334 1250 395 1312 illa
422 1269 580 1332 aquarum
609 1255 715 1316 terras
742 1250 962 1335 irrigantium.
1005 1249 1092 1314 Nam
1118 1252 1312 1334 saepissime
1340 1255 1375 1316 in

207 1353 334 1418 Dianae
356 1357 491 1440 templis
514 1357 622 1420 fontes
652 1351 776 1422 multae
800 1377 905 1440 aquae
928 1362 1023 1422 erant
1045 1361 1102 1420 aut
1124 1356 1217 1420 lacus
1239 1359 1277 1420 in
1300 1376 1375 1421 con-

205 1457 285 1523 finio
309 1458 432 1542 erantt)
457 1465 513 1524 aut
533 1465 729 1546 cognomina
746 1463 786 1528 ad
804 1482 922 1546 aquam
945 1463 1147 1547 pertinentia
1162 1462 1225 1526 dea
1240 1465 1374 1546 recepit.

205 1563 360 1644 Λιμνᾶτις
381 1567 487 1650 primo
510 1567 741 1650 appellabatur
765 1568 989 1651 compluribus
1004 1565 1226 1650 Peloponnesi
1249 1564 1377 1650 lecim),

205 1669 262 1732 ubi
286 1671 443 1736 videlieet
465 1673 590 1758 templa
614 1673 657 1736 ad
678 1672 817 1756 paludes
842 1674 906 1735 sita
929 1676 1031 1736 erant.
1076 1672 1271 1737 Limnaeo
1292 1693 1377 1738 vero

204 1774 312 1840 Diana
345 1773 517 1858 Sicyone⁶)
552 1779 732 1843 colebatur.
777 1777 878 1841 Nulla
911 1782 1024 1842 tamen
1056 1779 1259 1862 praeclarior
1293 1783 1379 1861 erat„

204 1900 303 1964 quam
326 1882 434 1946 Diana
455 1883 628 1965 Limnatis,
657 1903 743 1967 quae
772 1886 807 1947 in
829 1882 976 1968 Taygeto
1002 1885 1038 1947 in
1061 1883 1248 1948 Messeniae
1270 1883 1382 1948 Laco·x

203 1989 347 2069 uiaeque
360 1988 511 2054 confiniis
524 1991 750 2074 conventibus,
764 1990 937 2054 sacrificiis
950 1990 1252 2072 certaminibusque
1267 2009 1382 2073 usque.

205 2093 244 2156 ad
269 2093 469 2161 Graecorum
493 2101 643 2160 extrema
666 2099 815 2179 tempora
838 2097 1047 2159 sanctissime
1072 2092 1280 2176 colebaturb.

292 2235 421 2300 Deinde
430 2227 556 2299 Ἑλείαν
571 2236 624 2318 (ab
642 2230 713 2308 ἕλος
727 2236 748 2300 1.
765 2255 793 2318 q.
810 2235 906 2315 λίμνη
921 2235 1179 2315 denominatam)
1198 2235 1384 2300 Messenae..

204 2346 239 2405 et
271 2343 380 2410 Alorii
413 2343 450 2407 in
482 2341 604 2408 finibus
638 2341 804 2406 Arcadiae
840 2341 1131 2424 deprehendimus,
1170 2341 1200 2403 si
1239 2341 1383 2422 quidem·

205 2444 239 2510 Ο.
262 2447 418 2513 Muelleri
447 2451 670 2512 coniecturam
699 2448 740 2530 (d.
763 2447 840 2513 Dor.
864 2446 890 2528 Ι,
918 2468 949 2530 p.
973 2445 1050 2527 379)
1075 2447 1266 2530 probamus,
1297 2466 1385 2525 cum

206 2552 293 2634 apud
315 2549 554 2636 Hesychium⁸)
590 2548 694 2620 Buta
721 2554 904 2618 correxerit
931 2553 967 2616 in
982 2545 1089 2615 Ἑλείνι
1114 2556 1148 2615 et
1176 2551 1263 2636 apud
1285 2551 1387 2619 Stra.

201 2654 352 2756 bonem9)
373 2651 496 2732 Ἠλείας
518 2661 555 2722 in
572 2652 703 2732 Ἐλείας.

290 2799 371 2866 Tum
396 2801 437 2865 ad
453 2801 650 2866 Laconicam
675 2819 766 2864 oram
780 2798 908 2863 Dianae
929 2797 1093 2862 Issorae
1115 2799 1171 2862 vel
1192 2798 1385 2862 Issoriae.
1484 2805 1487 2808 ’

202 2923 383 2988 cognomen
407 2912 491 2988 erat,
521 2925 620 2989 quam
651 2905 692 2968 ad
724 2905 809 2969 hanc
838 2906 960 2968 seriem
987 2904 1253 2984 adnumeremus,
1285 2903 1384 2986 quod¹

203 3012 320 3076 eadem
335 3012 495 3077 Limnaea
512 3005 852 3096 cognominabaturw)
868 3015 992 3074 etcum
1007 3008 1160 3093 Neptuno
1184 3012 1387 3079 consociata..

203 3122 283 3182 erat.
307 3117 348 3182 Iu
360 3117 505 3184 Taenaro
520 3118 744 3202 promontorio
763 3118 835 3180 eius
851 3117 1014 3200 templum
1026 3120 1097 3181 erat
1109 3120 1143 3180 et
1153 3115 1371 3197 Teuthronae‚

203 3224 290 3305 quod
322 3225 478 3307 oppidum
511 3225 554 3288 ad
582 3243 673 3288 oram
705 3225 797 3287 sinus
824 3220 984 3287 Laconici
1016 3224 1119 3286 situm
1146 3226 1229 3302 erat,
1264 3221 1388 3293 Diana,

276 3522 297 3588 ¹)
316 3523 426 3578 Gallim.
444 3523 479 3578 H.
496 3523 533 3578 iu.
545 3521 626 3578 Dian.
644 3541 672 3578 v.
690 3521 752 3578 259.

275 3609 297 3678 ²)
316 3611 386 3667 ibid.
404 3630 430 3669 v.
443 3610 486 3666 aa
516 3611 551 3666 cf.
568 3611 662 3682 Enrip.
680 3611 766 3680 Hipp.
784 3627 812 3664 v·
829 3607 895 3664 228:
914 3601 1032 3662 δέσποιν’
1051 3600 1246 3674 νὶλίνιςἎρτεμι
1256 3603 1386 3670 Λίμναι.-

275 3698 296 3768 ⁸)
315 3701 349 3755 cf.
367 3699 497 3756 tremor.
515 3700 611 3768 Zeilg„
631 3698 708 3764 1849,
726 3716 753 3769 p.
772 3697 815 3763 91,
833 3715 861 3752 n.
881 3695 923 3751 14.

274 3786 296 3856 ⁴)
314 3788 345 3842 P.
363 3786 413 3853 111,
431 3787 474 3853 22,
492 3785 517 3840 8.
554 3787 588 3841 ot.
607 3784 775 3851 Welcker,
794 3784 892 3856 Pheol,
909 3783 955 3838 Gr.
973 3783 995 3847 l,
1013 3799 1041 3850 p
1058 3780 1109 3836 581
1128 3796 1189 3847 sqq.

273 3873 295 3942 ⁵)
314 3877 405 3946 Prope
417 3875 554 3944 Tegeam..
565 3875 597 3930 P.
616 3874 688 3941 vlu,
707 3873 749 3942 53,
768 3872 814 3938 11,
833 3871 1004 3942 Epidaurum
1020 3869 1168 3925 mmmm.
1197 3867 1246 3932 111,
1264 3864 1308 3934 23,
1327 3865 1386 3933 10„

272 3961 294 4032 6)
312 3963 344 4019 Ρ.
361 3962 398 4030 11,
416 3966 441 4030 7,
460 3963 485 4018 6.
651 3987 655 3996 ·

13 4109 14 4114 ,
277 4050 298 4118 ⁷)
317 4051 348 4106 P.
371 4051 420 4114 IV,
442 4050 468 4120 4,
491 4049 516 4106 2.
553 4049 639 4105 Tacit
659 4049 731 4104 Ann.
749 4048 799 4117 lV,
824 4046 867 4103 43.
904 4047 939 4102 cf.
961 4046 992 4101 E
1011 4043 1162 4110 Curtius.
1186 4042 1368 4112 Peloponnes,
1376 4095 1386 4108 .,

13 4117 15 4192 1
198 4141 233 4208 11,
252 4157 280 4211 p.
300 4141 360 4196 157.
389 4139 469 4194 Illius
486 4138 587 4208 templi
605 4139 682 4194 locus
699 4141 728 4192 et
750 4136 848 4192 ruinae
866 4135 1113 4204 inscriptionesque
1130 4130 1224 4204 variae
1241 4130 1368 4186 detectae
1377 4168 1386 4181 .

199 4231 271 4286 aunt.
309 4228 343 4283 cf.
361 4227 544 4292 Fraenkel,
563 4226 692 4283 Archaol
711 4224 808 4294 Zeitg„
827 4223 904 4289 1877,
923 4220 1048 4287 XXXIV,
1065 4239 1094 4291 p.
1112 4219 1147 4276 28
1164 4236 1206 4287 sq.

271 4314 294 4384 ⁸)
312 4315 432 4386 Hesych.
450 4333 471 4369 s.
489 4333 516 4370 v.
531 4307 628 4369 Ἐλεία.

271 4401 294 4471 ⁹)
311 4403 343 4459 P.
362 4402 439 4466 VIII,
456 4402 518 4458 350.

186 4493 194 4506 “
260 4490 293 4559 ¹⁰)
310 4492 341 4547 P.
360 4491 409 4558 111,
429 4490 470 4558 14,
488 4490 515 4546 2.
551 4489 585 4546 ci.
604 4489 635 4545 0.
654 4488 794 4556 Miller,
813 4486 971 4551 deDor.l,
990 4478 1050 4552 aaa
1069 4484 1167 4548 11.50.
