3367 5192
841 346 963 408 92.

277 557 313 618 et
341 552 529 637 supplicare
557 559 813 638 consueverunt,
844 573 910 636 qua
936 555 978 619 de
1007 573 1044 619 re
1067 551 1262 637 Xenopho¹)
1291 555 1450 618 certiores
1487 578 1489 583 ’

279 676 340 722 nos
356 658 446 746 facit,
469 657 556 740 quod
571 659 799 724 testimonium
814 659 981 743 denegare
997 677 1064 723 non
1077 677 1261 742 possumus.
1295 659 1450 724 Fortasse

278 764 381 827 etlam
403 762 491 846 apud
505 764 730 828 Athenienses
753 765 810 828 hic
832 783 904 828 mos
921 769 1001 848 erat,
1018 783 1101 828 -cum
1117 769 1194 829 ante
1208 763 1451 829 Marathoniam

277 887 423 953 pugnam
438 869 473 932 id
487 869 613 932 factum
630 888 704 934 esse
719 871 874 934 sciamus.
904 869 936 934 N
936 865 1096 953 arratur²l
1113 871 1203 934 enlm
1217 870 1450 954 polemarchus

278 973 406 1038 Dianae
441 977 518 1037 ante
548 993 642 1038 arma
673 980 826 1045 conserta
859 977 1050 1060 supplicans
1080 977 1212 1040 vovisse
1243 979 1294 1039 tot
1324 977 1451 1038 hostias

280 1077 363 1144 deae
379 1097 416 1143 se
430 1083 652 1144 marceacum
667 1099 752 1157 esse,
769 1082 798 1144 si
813 1082 1040 1145 Athenienses
1055 1081 1226 1163 vicissent,
1242 1085 1322 1163 quot
1337 1081 1450 1144 hostes

280 1183 555 1248 interficerentur.
588 1184 678 1258 ¹Cum
700 1205 779 1251 vero
802 1191 896 1250 tanta
918 1187 1064 1251 hostium
1078 1185 1256 1251 Persarum
1274 1185 1451 1250 multitudo

279 1289 471 1371 cecidisset,
496 1295 652 1371 quantem
674 1291 873 1374 hostiM,
901 1310 1021 1374 nempe
1045 1310 1232 1375 caprarum,
1260 1308 1452 1374 comparare

278 1412 345 1457 non
366 1397 558 1476 potuerrmt,
591 1397 850 1460 anniversariam
879 1399 1122 1481 quingenarum
1150 1415 1324 1480 caprarum
1350 1397 1451 1459 sacri·

278 1499 468 1564 ficationem
491 1503 741 1584 constituerunt,
766 1502 854 1584 quod
876 1503 926 1566 sic
946 1507 1024 1567 vota
1043 1521 1080 1568 se
1095 1503 1236 1567 solvisse
1251 1496 1452 1585 putabant³).

280 1603 454 1688 Templum
475 1624 555 1670 vero
576 1605 719 1689 Dianae,
746 1607 806 1672 ubi
835 1607 1095 1694 sacrificationes
1119 1609 1294 1692 opulentae
1317 1606 1451 1686 fiebant,

281 1727 383 1792 prope
404 1709 554 1775 Athenas
576 1713 613 1774 in
635 1730 719 1795 pago
734 1704 852 1794 ”Areae
874 1718 959 1796 erat,
988 1714 1048 1777 ubi
1078 1713 1162 1778 deae
1191 1718 1299 1778 statua
1322 1713 1452 1795 sagitti-

279 1814 351 1878 fera
373 1811 482 1894 erat4).

366 1919 496 1984 Deinde
508 1919 655 1985 fabulam
667 1924 894 2006 AegIritarum
911 1942 1102 2008 comparare
1114 1920 1236 2006 licet⁶),
1253 1925 1311 2005 qui
1321 1921 1449 1987 Dianae

283 2027 467 2109 Agroterae
489 2026 652 2110 templum
675 2028 901 2110 condiderunt,
925 2029 1013 2111 quod
1035 2048 1077 2094 ea
1092 2029 1254 2093 adiutrice
1269 2027 1451 2110 Sicyonios,

282 2133 340 2213 qui
363 2138 477 2197 contra
490 2133 650 2214 Aeginam
671 2134 815 2216 profecti
839 2139 942 2218 erant,
967 2152 1166 2217 quamquam
1181 2136 1325 2199 invictos
1339 2137 1451 2198 tamen

277 2237 474 2322 imperfecta
495 2256 532 2303 re
555 2240 737 2304 recessisse
759 2240 930 2324 putebant
969 2239 1054 2304 'lum
1075 2238 1249 2323 Olympiae
1263 2241 1300 2303 in
1315 2256 1450 2304 nemore

278 2362 372 2407 sacro
400 2345 478 2418 ante
509 2343 621 2408 curiae
639 2342 738 2408 'foras
760 2344 889 2409 Dianae
912 2346 1097 2429 Agroterae
1125 2365 1182 2410 ara
1205 2341 1321 2427 erat⁶),
1353 2363 1451 2427 quam

279 2453 369 2513 certe
392 2467 459 2512 non
482 2447 523 2514 ad
545 2450 751 2514 venatricem
773 2449 884 2532 deam,
908 2450 968 2514 sed
991 2450 1033 2514 ad
1056 2452 1302 2516 contionantem
1324 2455 1359 2515 et
1379 2450 1451 2514 bel-

278 2553 403 2618 lantem
429 2553 556 2618 referre
583 2554 752 2619 dehemus.
797 2554 978 2621 Praeterea
1005 2555 1152 2640 Megaris
1181 2555 1297 2620 fanum
1323 2554 1450 2620 Dianae

277 2660 461 2741 Agroterae
485 2663 519 2724 et
540 2660 710 2744 Apollinis
732 2661 865 2744 Agraei·
886 2665 970 2744 erat,
1001 2662 1089 2745 quod
1111 2662 1294 2726 Alcathous
1315 2660 1451 2744 Pelopis

147 2808 149 2812 ψ
277 2763 382 2845 filius,
410 2782 486 2828 cum
507 2764 640 2830 leonem
663 2765 914 2831 cithaeronium
936 2772 1102 2848 necasset,
1132 2768 1339 2832 exstruxisse
1361 2765 1450 2831 iere·

278 2863 414 2949 batur⁷).
464 2869 547 2934 eum
578 2889 657 2936 vero
686 2867 883 2955 Alcathous,
913 2873 972 2955 qui
1000 2891 1044 2936 ex
1069 2871 1168 2936 Elide
1194 2875 1347 2952 venerat,
1376 2875 1452 2954 post

278 2973 429 3058 Megarei
450 2977 539 3058 regis
562 2980 703 3040 mortem
725 2995 838 3050 rerum
860 2979 986 3060 potitus
1008 2982 1111 3056 esset,
1140 2979 1301 3061 templum
1322 2976 1450 3042 Dianae

278 3080 363 3143 mihi
392 3079 526 3160 quidem
555 3080 596 3145 ob
625 3081 710 3147 hanc
737 3081 825 3146 bene
853 3087 982 3166 gestam
1003 3102 1076 3148 rem
1099 3083 1287 3148 condidisse
1308 3082 1450 3165 ridetur,

280 3186 391 3247 minus
416 3189 552 3267 propter
577 3184 710 3249 leonem
735 3187 964 3270 interfectum,
994 3190 1024 3252 si
1052 3190 1184 3252 omnino
1211 3189 1265 3251 illi
1287 3186 1329 3250 de
1351 3188 1449 3252 leone

279 3288 413 3352 fabulae
435 3288 518 3353 fides
539 3289 691 3355 habenda
714 3296 773 3356 est.
811 3290 881 3359 Leo
898 3295 986 3357 enim
1002 3292 1129 3358 Dianae
1144 3295 1303 3358 victricis
1319 3293 1452 3376 signum

279 3393 413 3457 videtur
434 3394 549 3474 fauisse,
572 3413 674 3476 quare
697 3415 764 3460 non
782 3415 857 3461 raro
876 3399 913 3461 in
928 3399 1113 3463 occisorum
1127 3399 1274 3462 militurn
1288 3399 1451 3481 sepulcris

278 3495 552 3584 imponebatur8),
574 3519 642 3565 non
663 3501 739 3566 ideo
761 3505 905 3589 tantum,
928 3503 1015 3585 quod
1037 3503 1241 3570 fortitudinis
1264 3510 1299 3568 et
1321 3504 1449 3569 roboris

353 3764 374 3834 ι)
392 3767 468 3823 Hell.
485 3766 534 3832 IV,
553 3765 579 3832 2,
597 3767 641 3824 20.
677 3767 713 3824 ef.
730 3769 799 3824 ibid.
817 3769 880 3837 Vll,
899 3771 924 3837 1,
942 3771 985 3826 34.

352 3851 374 3923 ²)
391 3855 531 3910 Plutarch.
541 3856 567 3911 d.
577 3855 680 3913 Herod.
689 3857 756 3914 mel.
769 3874 793 3913 c.
802 3857 846 3913 26.
868 3860 903 3914 ef.
915 3860 1136 3924 Schoemann‚
1145 3860 1242 3930 Antiq.
1251 3861 1297 3917 Gr.
1306 3862 1377 3934 Il,p.
1387 3861 1447 3920 478.

353 3941 374 4010 ⁸)
395 3943 430 3998 cf.
448 3942 590 4012 Aristoph.
607 3945 678 4014 Equ.
696 3963 722 4000 v.
742 3946 802 4002 660.

350 4027 373 4098 4)
391 4030 422 4087 Ρ.
440 4030 462 4098 Ι,
483 4033 524 4099 19,
543 4033 568 4087 6.

352 4115 373 4184 ⁵)
390 4118 422 4173 P.
440 4119 503 4184 VII,
520 4119 563 4186 26,
583 4119 608 4176 3.
628 4122 670 4177 11.

351 4202 374 4274 ⁸)
392 4206 423 4261 Ρ.
441 4206 476 4275 V,
496 4207 538 4272 15,
557 4209 582 4262 8.

352 4292 374 4362 7)
391 4294 422 4350 P.
440 4294 462 4361 1,
480 4295 524 4363 41,
542 4297 622 4351 e-o.

350 4379 372 4448 8)
392 4383 470 4437 velut
488 4381 665 4439 Chaeroneae
683 4400 787 4451 eorum,
805 4385 855 4454 qui
872 4388 970 4442 eosne
986 4386 1150 4459 Philippum
1168 4392 1324 4459 pugnantes
1343 4388 1448 4446 cecide·

277 4474 350 4528 rant.
386 4469 421 4524 cf.
439 4469 472 4525 P.
488 4469 542 4540 1x,
561 4471 605 4537 40,
630 4469 677 4537 10,
702 4472 768 4528 dein
784 4466 986 4540 ‘euamumt
1004 4473 1071 4530 VIII
1089 4473 1191 4545 (1880),
1213 4477 1280 4536 iaso.
1298 4479 1324 4544 6,
1341 4495 1369 4548 p.
1387 4476 1448 4534 501.
