3367 5192
786 380 828 442 29

310 588 437 654 Dianae
467 594 575 654 mater
604 608 624 653 a
651 592 760 673 poetis
783 592 932 655 omnium
954 589 1026 654 iere
1047 593 1233 672 temporum
1256 591 1394 654 summis

222 694 377 760 laudibus
413 699 529 759 ornata
563 697 730 760 vocitatur
760 696 924 780 Latona,
960 696 1002 760 de
1039 714 1104 777 qua
1139 695 1217 759 hino
1248 696 1396 760 breviter

223 802 393 866 disseram.
431 800 513 864 Eius
538 800 673 882 quidem
695 820 815 866 nornen
838 822 906 868 non
930 803 972 867 ad
993 802 1061 866 rad.
1085 801 1161 862 roa-
1182 801 1394 866 referendum

224 925 298 972 ease
330 907 428 987 duee,
464 925 539 972 eum
568 907 756 972 litterarum
785 909 811 968 θ
838 912 873 973 et
902 928 920 968 τ
949 908 1138 973 differentia
1166 908 1301 991 neglegi
1328 928 1395 972 non

220 1015 334 1098 possit,
358 1009 591 1098 Sehweizeri¹)
614 1032 694 1078 vero
718 1016 909 1098 opinionem
930 1015 1077 1100 probem,
1102 1016 1160 1096 qui
1183 1015 1291 1077 erud.
1315 1015 1395 1079 las·

221 1121 242 1184 i.
266 1139 295 1184 a.
319 1138 452 1185 amare
475 1139 598 1184 nomen
619 1119 833 1185 descendisse
848 1125 951 1205 putat.
990 1113 1088 1199 Λητώ
1111 1121 1214 1202 igitur
1228 1110 1394 1184 ‘amicam’

222 1244 266 1290 ae.
282 1223 371 1290 Iovia
395 1225 586 1309 significare
611 1243 741 1308 censeo,
766 1245 865 1307 quam
889 1226 1028 1291 eandem
1044 1227 1213 1290 notionem
1228 1227 1264 1289 in
1278 1225 1394 1290 Rheae

221 1333 355 1396 nomine
394 1333 506 1397 inesse
545 1350 644 1415 supra
679 1330 987 1397 demonstravimus.
1043 1332 1171 1396 Latona
1204 1332 1271 1395 iam
1303 1330 1394 1396 filiae

222 1438 394 1502 simillima
422 1442 574 1523 apparet,
604 1441 642 1501 ut
669 1456 730 1520 par
759 1439 897 1502 dearum
925 1439 1085 1521 efficiant,
1116 1438 1214 1521 quale
1238 1436 1338 1501 Ceres
1362 1443 1397 1501 et

220 1543 429 1626 Proserpina.
468 1543 585 1625 Neque
610 1545 702 1608 enim
721 1562 796 1609 raro
816 1549 938 1610 matres
956 1549 990 1610 ot
1004 1544 1095 1608 ffliae
1110 1545 1146 1606 in
1162 1544 1395 1627 mythologiois

221 1649 322 1714 rebus
350 1649 467 1715 eadem
492 1653 611 1714 natura
633 1654 711 1714 sunt
732 1652 788 1714 vel
819 1651 954 1716 easdem
983 1653 1123 1715 virtutes
1152 1650 1313 1735 praebent
1339 1650 1396 1712 vel

222 1755 332 1820 eidem
368 1757 440 1819 viro
481 1761 604 1840 nuptae
648 1774 722 1820 esse
765 1758 993 1840 perhibentur.
1051 1756 1207 1822 ceteram
1251 1756 1396 1820 nominis

221 1861 438 1945 significatio,
472 1881 571 1944 quarn
602 1863 792 1944 statuimus,
833 1866 958 1946 optime
992 1865 1166 1929 adieetivis
1201 1861 1395 1925 ornantibus

220 1968 353 2051 probari
368 1972 487 2052 potest,
508 1988 583 2033 eum
600 1964 641 2031 ad
655 1969 949 2053 pulchritudinem,
974 1989 1059 2053 quae
1075 1971 1111 2033 in
1127 1969 1236 2032 amiea
1249 1969 1396 2031 maxime
1504 2045 1507 2050 ,

221 2074 350 2138 laudari
373 2075 467 2158 tolet,
490 2074 562 2139 fere
586 2075 699 2138 emnia
721 2076 921 2159 pertineant.
960 2075 1016 2141 Sic
1038 2081 1172 2140 ornatur
1193 2074 1234 2138 ab
1249 2073 1395 2138 Homero

221 2181 289 2243 hit:
311 2172 458 2260 ἠύκομος
481 2179 525 2262 (A
548 2179 600 2262 36,
629 2179 660 2240 Τ
677 2180 752 2261 413,
775 2179 794 2239 λ
817 2177 907 2267 318),
930 2174 1186 2261 καλλιπλόκαμος
1208 2181 1251 2262 (h.
1274 2182 1311 2243 in
1332 2181 1395 2264 Ap.

223 2285 296 2350 Del.
317 2283 402 2367 101),
425 2282 642 2368 καλλιπάρῃος
665 2284 712 2366 (Ω
734 2283 821 2368 607),
845 2281 995 2367 ἐρικάδης
1017 2281 1061 2366 (Ξ
1080 2284 1165 2368 327),
1189 2277 1269 2358 Διὸς
1290 2282 1397 2366 κυάρηι

221 2385 409 2470 παράκοιτις
431 2389 462 2470 (λ
478 2389 564 2473 580),
589 2390 629 2454 ab
646 2388 794 2455 Hesiodo
814 2386 1047 2475 κροκόπεπλος,
1071 2391 1249 2457 aPindaro
1266 2393 1396 2469 λιπαρο-

221 2487 386 2573 πλόκαμος
418 2494 468 2576 (ir.
493 2497 536 2560 58
565 2494 717 2579 Boeekh)
752 2493 946 2577 βαθύζωνος
975 2494 1027 2578 (fr.
1051 2496 1122 2580 59),
1154 2491 1397 2578 χρυσαλάκατος

222 2598 273 2674 (fr.
300 2600 385 2684 116),
416 2595 518 2664 κλυτά
547 2601 598 2684 (fr.
624 2602 692 2685 82),
726 2603 767 2667 ab
799 2603 1026 2686 Aristophane
1056 2603 1220 2682 χρυοάπις
1252 2599 1395 2684 (Thesm.

220 2725 250 2768 u.
268 2705 334 2789 32).
372 2706 436 2772 His
460 2710 595 2790 quidem
618 2708 719 2773 rebus
733 2707 905 2775 Welelreri
927 2709 1040 2792 opinio
1056 2708 1243 2772 confirmari
1262 2705 1397 2770 videtur

221 2809 291 2893 (Th.
316 2812 370 2877 Gr.
385 2811 412 2896 Ι,
435 2834 467 2897 p.
490 2815 584 2898 239):
607 2814 691 2880 Leto
714 2813 796 2897 (und
815 2813 918 2897 Maia)
941 2814 1017 2878 sind
1038 2815 1095 2877 nie
1117 2811 1396 2897 Naturgdttinnen

221 2936 389 3001 genesen,
422 2919 497 2983 sind
528 2922 614 2986 auch
646 2921 741 2986 nieht
773 2922 877 2986 sehon
908 2921 1024 2986 frdher
1053 2920 1279 3002 vorhandene,
1308 2918 1395 2981 aueh

222 3023 316 3088 nieht
338 3025 374 3087 in
396 3024 451 3090 die
475 3023 623 3109 Spraohe
646 3026 925 3112 dbergegangene
947 3027 1090 3110 Nomen,
1113 3026 1256 3092 sondern
1280 3026 1397 3108 eigens

222 3131 424 3215 ausgedaeht
446 3134 595 3214 worden,
622 3151 681 3214 um
710 3135 764 3199 die
789 3138 981 3219 genannten
1003 3134 1121 3200 Gotter
1144 3151 1209 3196 von
1231 3130 1316 3195 Zeus
1340 3128 1397 3193 ab·

221 3237 382 3318 zuieiten,
410 3238 524 3302 indem
552 3258 630 3304 man
660 3240 719 3304 dae
751 3260 814 3305 von
842 3239 921 3305 Gott
948 3239 1016 3304 und
1039 3240 1127 3304 Erde
1155 3237 1396 3322 hergebraohte

221 3344 471 3427 unaustiigbare
496 3343 572 3409 Bild
601 3346 662 3410 der
687 3346 761 3411 Ehe
793 3347 874 3412 oder
896 3345 1056 3430 Zeugung
1086 3343 1279 3410 beibehielt.
1330 3340 1396 3405 Sed

221 3451 334 3512 tamen
357 3450 436 3513 huie
459 3454 738 3534 argumentationi
752 3471 819 3517 non
835 3453 1006 3535 assentior,
1031 3470 1107 3516 eum
1121 3452 1208 3516 talea
1224 3450 1395 3514 nominum

221 3553 372 3620 fictiones
396 3557 630 3638 antiquissima
653 3563 762 3623 aetate
785 3561 845 3622 vix
868 3559 1062 3623 statuendae
1086 3559 1162 3622 sint.
1203 3554 1311 3619 Immo
1334 3554 1397 3616 ali-

223 3659 301 3724 eubi
329 3665 490 3726 terrarum
521 3666 685 3746 quondam
717 3664 878 3729 Latonam
913 3665 1036 3728 eultam
1072 3683 1146 3729 ease
1177 3661 1396 3727 verisimilius

223 3761 314 3848 est²).
358 3765 542 3853 Mythologi
565 3789 645 3835 vero
670 3773 894 3853 antiquissimi
916 3789 1037 3853 nempe
1059 3775 1178 3853 poetae
1200 3767 1276 3831 ideo
1300 3765 1396 3828 deam

222 3869 345 3934 fabulis
368 3873 551 3940 inseruisse
574 3877 738 3958 videntur,
763 3878 850 3959 quod
869 3876 1018 3942 Latonae
1040 3895 1162 3940 nomen
1185 3874 1226 3938 ad
1248 3869 1398 3936 tenebri-

223 3994 333 4040 cosam
364 3983 497 4043 noctem
527 3985 697 4065 pertinere
728 3983 909 4049 canebant
915 4005 928 4059 ,·
956 3988 1087 4047 noctem
1115 3983 1204 4046 enim
1236 3995 1309 4043 esse
1337 3995 1394 4058 pa·

298 4169 320 4238 ¹)
339 4170 453 4239 Kahn,
471 4171 601 4230 Zeitaehr.
619 4173 639 4230 s.
657 4174 746 4244 vergi.
764 4173 899 4244 spatha,
917 4175 952 4241 ΙΙ,
969 4193 997 4245 p.
1017 4175 1060 4230 68.
1097 4173 1265 4238 Vanioek‚
1284 4169 1395 4226 (in-lat.

222 4260 337 4328 etymol.
346 4258 487 4315 Wdrterb.
506 4278 534 4330 p.
548 4261 599 4315 770
618 4265 647 4318 et
664 4265 723 4318 not.
737 4263 762 4320 7.
792 4264 822 4319 Ε.
835 4264 873 4317 Μ.
885 4281 906 4319 a.
918 4282 946 4320 v.
957 4258 1048 4331 Λητά.
1079 4262 1114 4318 oi.
1127 4261 1199 4317 Plat
1212 4260 1285 4316 (irat.
1297 4257 1393 4313 406A:

221 4341 300 4484 ³1:1¹3*
297 4340 436 4500 ἑηῗίἕπό
458 4347 508 4416 τῆς
528 4345 683 4418 πραότητος
703 4367 753 4418 της
778 4351 858 4413 θεοῦ,
881 4347 1006 4403 κατὰτὸ
1027 4345 1180 4418 ἐθελήμονα
1197 4343 1275 4410 εἶναι,
1299 4364 1339 4399 αα
1359 4363 1400 4397 αν·

249 4448 263 4493 ς
297 4516 318 4589 ²)
336 4519 484 4588 Prodat,
503 4521 592 4592 Myth.
611 4522 658 4578 Gr·
676 4521 698 4589 Ι,
716 4540 745 4593 p.
764 4523 815 4578 190
833 4540 876 4592 sq.
