3367 5192
813 373 853 434 71

249 581 447 666 Iphigeniae
492 581 650 646 honorem
694 583 856 645 usitatum
891 579 1062 644 Braurona
1103 578 1207 643 hesse
1245 577 1422 662 Euripides

246 687 356 752 docet:
1145 763 1150 770 ‚

905 846 909 852 ¹
961 767 1017 834 καὶ
1038 763 1168 835 πέπλων

492 869 618 957 ἄγαλμά
641 889 692 940 σοι
712 872 876 958 θήσουσιν
897 867 1063 958 εὐπήνους
1084 867 1184 954 ὑφάς,

491 972 530 1052 ἃς
552 973 594 1041 ἄν
614 981 767 1059 γυναῖκες
789 973 824 1040 ἐν
844 973 954 1051 τόκοις
974 974 1190 1058 ψυχορῤογεῑς

490 1075 618 1144 λείπωό
641 1075 677 1144 ἐν
701 1079 810 1154 οἴκοις.

332 1199 373 1265 In
404 1201 628 1284 compluribus
658 1202 934 1287 inscriptionibus
962 1201 1091 1267 Dianae
1123 1220 1302 1285 cognomen
1330 1197 1419 1262 Σώ-

242 1302 386 1386 τειοαῑ)
409 1307 598 1390 imponitur,
623 1309 711 1390 quod
734 1308 775 1372 ad
797 1310 884 1374 bene
907 1307 1074 1399 perfectos
1094 1308 1226 1372 labores
1250 1307 1417 1390 pertinere

196 1453 202 1457 --
245 1410 461 1476 manifestum
481 1415 551 1478 est:
574 1414 635 1478 hos
657 1432 736 1479 vero
760 1415 891 1478 labores
920 1432 1158 1498 puerperarum
1184 1411 1289 1478 hrisse
1318 1413 1419 1476 facile

241 1517 396 1598 conicere
418 1535 602 1602 possumus,
625 1538 702 1584 cunr
726 1521 827 1584 etiam
850 1518 958 1584 Diana
978 1517 1132 1603 Σοωὸίνη
1156 1513 1416 1603 appellaretur²l

244 1618 310 1686 Sed
333 1622 432 1686 huius
456 1625 660 1707 cognominis
683 1628 853 1690 notionem
880 1625 977 1690 modo
1007 1626 1209 1710 explicatam
1232 1629 1361 1690 tantum
1383 1627 1420 1688 in

245 1727 337 1790 cultu
358 1729 487 1812 privato
509 1730 622 1794 valere
648 1733 846 1813 censuerim,
870 1749 946 1795 cum
968 1731 1096 1815 publici
1117 1730 1246 1796 Dianae
1268 1729 1419 1815 Sospitae

245 1832 354 1896 cultus
378 1835 445 1898 alia
466 1836 595 1900 ratione
618 1837 739 1900 melius
770 1837 935 1920 explicari
962 1839 1098 1920 possint.
1141 1836 1267 1902 Poetae
1296 1836 1418 1901 deinde

243 1935 384 2002 Dianam
408 1939 586 2015 λοοὶζονοο
617 1938 870 2025 οροοΠοδοοτἺ,
902 1945 999 2024 quasi
1026 1962 1109 2026 eam,
1138 1961 1224 2024 quae
1252 1943 1419 2026 virgiuum

244 2060 346 2107 zonas
381 2045 496 2109 solvat
548 2044 739 2127 Nonnulli⁴l
774 2048 919 2131 denique
955 2066 1137 2132 cognomen
1171 2041 1328 2126 Χιτώνη
1362 2047 1419 2110 vel

246 2149 281 2208 X
283 2167 350 2211 ιτω
359 2148 399 2212 ol
404 2169 440 2232 a,
464 2169 529 2232 quo
543 2150 653 2216 Diana
669 2153 824 2236 Athenis,
846 2153 964 2237 Mileti,
980 2152 1154 2234 Syracusis
1176 2151 1417 2234 nominabatur,

244 2252 323 2317 inde
351 2253 503 2320 derivare
525 2258 712 2342 voluerunt,
740 2258 827 2340 quod
855 2261 1055 2323 vestimenta
1075 2256 1204 2322 Dianae
1230 2257 1420 2341 intemplo

244 2375 264 2419 a
297 2357 432 2424 feminis
467 2361 723 2428 conferebantur
756 2368 794 2428 ut
828 2368 983 2449 partuum
1016 2363 1162 2428 feliciter
1194 2362 1419 2446 perfectorum

244 2463 347 2545 signa.
377 2465 604 2533 Verisimilius
620 2473 731 2535 autem
746 2470 903 2534 videntur
915 2471 998 2534 haec
1011 2469 1207 2554 cognomina
1217 2488 1237 2532 a
1248 2470 1419 2551 signorum

127 2641 131 2654 ¹
246 2567 353 2633 forma
376 2569 511 2656 dempta
534 2576 627 2638 etin
650 2575 746 2639 deam
769 2577 878 2660 ipsam
899 2576 1020 2640 tralata
1042 2569 1169 2655 esseb„
1200 2574 1306 2639 Erant
1328 2576 1417 2639 enim

245 2673 328 2738 deae
352 2681 471 2759 statue,
495 2698 579 2761 quae
602 2699 669 2745 uno
684 2681 884 2745 videbantur
899 2683 1033 2747 chitone
1056 2680 1193 2746 indutae
1209 2685 1243 2745 et
1257 2680 1329 2745 fere
1351 2699 1418 2745 non

242 2779 374 2847 velatae
407 2783 534 2849 formae
568 2787 716 2869 speciem
749 2787 963 2872 praebebant
1019 2786 1115 2852 Tales
1155 2786 1297 2870 figurae,
1332 2804 1417 2868 quae

242 2889 385 2954 Veneris
423 2908 491 2954 non
528 2890 708 2956 dissimiles
748 2898 860 2980 erant,
904 2893 1080 2958 Ghitoniae
1122 2911 1244 2958 nomen
1281 2893 1418 2956 duxisse

242 2993 406 3058 videntur.

331 3098 441 3164 Huius
465 3099 638 3167 Ghitcniae
662 3104 882 3170 inhonorem
906 3103 1080 3184 Syracusis
1107 3105 1294 3188 peculiares
1317 3105 1417 3168 salta·

242 3204 350 3269 tiones
381 3202 550 3290 fiebant⁶l,
584 3226 650 3289 qua
679 3227 716 3274 re
748 3209 903 3293 publicus
936 3209 1070 3291 quidam
1102 3211 1210 3274 cultus
1243 3210 1417 3274 indicatur.

242 3309 360 3373 Adhuc
384 3312 475 3375 enim
496 3316 625 3377 tanhrnr
648 3314 690 3378 de
719 3316 848 3398 privato
871 3315 998 3380 Dianae
1028 3316 1184 3400 genitalis
1211 3316 1294 3380 deae
1325 3315 1418 3379 cultu

243 3416 385 3498 egimus,
424 3417 483 3481 sed
519 3420 696 3501 permultis
734 3421 817 3485 locis
856 3423 957 3485 etiam
994 3422 1150 3506 publicae
1188 3421 1413 3486 caerimoniae

241 3517 381 3604 fiebant,
418 3540 557 3603 quarum
591 3525 830 3589 usitatissimae
865 3531 961 3590 erant
993 3526 1181 3610 puellarum
1213 3525 1415 3589 saltationes
1528 3576 1533 3589 ,

243 3620 381 3709 Semper
404 3628 494 3690 enim
516 3627 624 3693 Diana
655 3649 722 3694 non
746 3632 854 3695 solum
885 3632 1021 3695 maritas
1052 3630 1194 3696 feminas
1224 3632 1284 3695 sed
1315 3632 1416 3695 etiam

245 3731 375 3812 puellas
397 3732 619 3814 pubescentes
642 3737 731 3799 tueri
747 3735 952 3819 credebatur,
977 3754 1078 3818 quare
1093 3735 1226 3821 puellae
1243 3739 1277 3799 ot
1292 3737 1416 3819 gratias

315 3973 336 4041 ¹)
356 3974 426 4032 (1.1,
445 3975 478 4032 (1.
498 3973 567 4033 1052
584 3978 649 4033 add·
668 3979 696 4046 b,
720 3979 798 4044 1063,
821 3978 890 4036 2481
909 3983 939 4036 ct
956 3981 1020 4037 add
1037 3981 1065 4047 b,
1089 3978 1168 4037 5941.
1205 3978 1240 4035 cf.
1257 3979 1332 4035 Suid.
1350 3996 1372 4035 s.
1389 3998 1415 4035 r.

313 4059 422 4130 ²)c.1.
442 4062 573 4122 (11595.
609 4066 644 4122 ot.
663 4066 916 4136 Mitschsrlich‚
935 4071 970 4125 de
988 4068 1079 4124 Diana
1096 4068 1215 4138 Sospita.
1243 4066 1321 4123 eota
1339 4064 1416 4122 1821.

313 4147 335 4218 ⁸)
353 4150 444 4209 Schol.
462 4151 557 4223 Apoll·
575 4153 666 4210 ahod.
687 4155 711 4221 1,
730 4154 792 4212 188.
827 4155 903 4213 Suid.
921 4174 943 4211 s·
959 4175 987 4213 r.
1020 4158 1094 4214 Anto
1111 4157 1224 4227 nuptias
1241 4155 1317 4211 enirn
1334 4172 1418 4212 zonas

312 4410 334 4481 ⁸)
352 4413 387 4470 cf.
407 4415 577 4483 walchen
596 4416 647 4473 Th.
666 4416 713 4473 Gr.
732 4417 754 4484 1,
772 4436 801 4488 p.
821 4417 873 4474 575
891 4435 932 4487 sq.

312 4497 456 4568 *)Α1ὴοο.
475 4504 517 4571 14,
535 4522 565 4574 p.
584 4504 636 4561 619
655 4521 679 4561 c.
