3367 5192
872 297 937 362 104

310 506 492 572 notandum
515 511 567 570 est
582 504 786 587 Sibyllarum
808 507 956 572 indolem
974 508 1075 592 vulgo
1091 509 1134 571 ad
1148 509 1342 593 Apollinem
1356 509 1487 593 referri,

310 612 399 694 quod
422 612 558 678 nonita
582 613 752 694 antiquam
780 613 850 677 olet
873 615 1047 697 originem.
1093 613 1251 696 Sibyllini
1275 620 1388 680 autem
1410 616 1489 680 libri

312 736 372 780 cur
400 717 567 802 Apollinis
602 720 636 781 et
664 717 792 782 Dianae
829 719 956 782 cultum
990 721 1138 783 maxime
1175 721 1489 805 commendaverint,

305 822 412 887 dacile
433 824 693 908 jamquispiam
716 823 901 908 intelleget

737 1054 1057 1063 Ἣ

399 1243 522 1310 Omnes
560 1247 628 1309 iam
662 1244 790 1309 Dianae
830 1246 1082 1328 antiquissimae
1121 1248 1262 1312 virtutos
1298 1253 1331 1312 et
1366 1249 1488 1314 formas

309 1352 585 1434 perlustravimus
602 1358 636 1416 et
652 1351 814 1434 quomodo
830 1352 872 1416 ad
886 1353 1111 1436 principalem
1127 1358 1280 1420 naturam
1292 1355 1488 1422 referendae

311 1458 379 1521 sint
412 1457 662 1541 simplicissima
697 1475 761 1540 qua
795 1459 963 1544 potuimus
998 1459 1129 1523 ratione
1165 1459 1416 1542 explicavimus,
1452 1461 1488 1525 id

311 1562 398 1646 quod
435 1564 534 1626 huius
567 1563 719 1648 opusculi
753 1564 932 1628 consilium
967 1564 1085 1628 fuerat
1144 1563 1250 1629 Simul
1285 1564 1488 1630 Graecorum

311 1669 578 1752 antiquissimam
603 1669 802 1752 religionem
834 1675 869 1733 et
896 1667 1148 1754 Olympicorum
1179 1671 1317 1735 deorum
1341 1673 1487 1755 origines

310 1775 414 1838 multo
443 1776 686 1859 perspectiores
715 1795 752 1840 se
782 1775 990 1858 praebituras
1014 1795 1089 1840 esse
1113 1796 1221 1863 spero,
1253 1795 1330 1841 cnm
1358 1777 1487 1842 Dianae

309 1883 442 1946 unicam
478 1886 594 1946 extare
628 1886 781 1946 natrmam
814 1901 924 1964 neque
959 1882 1109 1948 diversas
1137 1883 1242 1948 fluisse
1274 1884 1373 1948 huius
1404 1884 1487 1948 deae

309 1990 444 2053 naturas
475 1988 694 2052 docuerimus.
739 1987 869 2052 Deinde
900 1989 965 2052 hac
991 1992 1104 2054 nostra
1136 1990 1370 2071 disquisitione
1401 1990 1487 2055 iudi-

311 2098 421 2169 catum
443 2095 528 2158 mihi
549 2093 683 2158 videtur
706 2113 789 2177 esse,
820 2114 886 2179 qua
914 2096 1044 2158 ratione
1068 2094 1271 2160 Graecorum
1298 2097 1420 2180 religio
1444 2097 1487 2160 ad

308 2197 617 2284 Indogermanioam
644 2201 853 2268 adnectenda
883 2201 936 2264 sit
981 2198 1070 2276 Quas
1099 2221 1219 2269 verum
1248 2202 1487 2268 similitudines

308 2308 398 2394 inter
425 2305 628 2372 Graecorum
658 2312 692 2371 et
722 2307 963 2372 Germanorum
993 2309 1262 2389 antiquissimam
1288 2308 1487 2392 religionem

309 2411 471 2493 videmus,
502 2413 557 2479 hio
587 2413 735 2498 singulas
769 2431 965 2478 enumerare
987 2412 1123 2496 longum
1148 2418 1229 2495 erat,
1256 2432 1366 2497 neque
1396 2414 1487 2479 euim

308 2517 624 2601 Iudogermanorum
652 2519 891 2602 mythologiam
918 2519 974 2582 vel
1001 2519 1180 2602 religionis
1200 2521 1375 2585 historiam
1399 2538 1487 2583 oom-

308 2625 493 2707 parativam
515 2625 578 2688 hac
601 2625 823 2707 disputatione
847 2625 1020 2689 absolvere
1045 2625 1145 2688 volui
1190 2623 1230 2688 Id
1252 2643 1332 2689 vero
1356 2629 1486 2689 constat

181 2718 184 2727 ’
311 2731 412 2796 etiam
434 2731 521 2815 apud
538 2730 720 2796 Germanos
742 2732 845 2798 talem
859 2731 1048 2795 naturalem
1063 2731 1159 2794 deam
1174 2731 1328 2812 inveniri,
1352 2732 1486 2814 qualem

308 2835 451 2900 Dianam
483 2855 557 2902 esse
590 2837 842 2921 explicavimus.
894 2835 1074 2900 Simrockii
1106 2837 1143 2899 in
1177 2836 1274 2917 libro,
1309 2855 1412 2919 quem,
1443 2837 1487 2902 de

308 2943 512 3025 mythologie
546 2942 743 3010 Germanica
784 2944 919 3026 scripsit
961 2942 1007 3026 (p.
1040 2941 1120 3024 348)
1161 2943 1226 3006 hae
1265 2948 1343 3005 sunt
1382 2942 1487 3007 verba

311 3041 366 3111 ‘In
392 3047 538 3112 Berchta
564 3049 633 3112 und
661 3047 790 3131 Holda,
818 3050 856 3111 in
881 3046 1045 3130 Naribus,
1068 3047 1190 3129 Freyja
1218 3048 1285 3111 und
1308 3047 1424 3131 Frigg‚
1449 3050 1487 3130 ja

308 3152 375 3216 fast
401 3154 438 3215 in
468 3155 559 3217 allen
588 3153 772 3218 deutschen
801 3144 983 3218 Gottinnen
1013 3156 1120 3218 sehen
1147 3155 1209 3217 vir
1237 3174 1301 3218 nur
1332 3155 1489 3218 einzelno

310 3257 423 3324 Seiten
434 3259 503 3322 und
515 3259 791 3342 Eracheiuungen
807 3259 1012 3344 dargeatellt,
1027 3260 1083 3324 die
1094 3278 1486 3342 arrsammengenommon

310 3365 396 3428 eiust
418 3365 478 3430 das
501 3363 627 3442 Wesen
650 3365 708 3429 der
731 3367 1065 3449 geheimnissvollen,
1092 3366 1287 3432 vvirkenden
1309 3365 1486 3448 Erdgbttin

309 3471 534 3551 ausmachten,
550 3471 610 3534 der
624 3489 763 3554 grossen
778 3471 1045 3550 Lebensmutter,
1067 3471 1122 3534 die
1139 3470 1249 3551 Sagen
1263 3470 1332 3532 und
1346 3470 1489 3533 Frucht-

307 3576 440 3654 barkeit
472 3577 642 3660 spendend
678 3577 783 3641 selbst
817 3578 867 3641 als
896 3576 1112 3659 'lodesgdttin
1145 3577 1240 3640 nicht
1272 3575 1487 3640 verderblich

307 3683 413 3764 virkt,
451 3683 564 3746 indam
602 3685 652 3747 sie
691 3683 746 3746 die
786 3682 906 3747 Seelen
944 3682 1003 3746 der
1033 3681 1283 3746 Verstorbenen
1317 3683 1353 3742 in
1386 3681 1485 3744 ihren

307 3788 545 3852 mutterlichen
583 3787 725 3852 Schooss
763 3781 1024 3852 nunciamus?
1084 3788 1231 3852 Dearum
1269 3788 1411 3850 virtutes
1450 3791 1488 3850 et

308 3894 467 3957 attributa
490 3894 576 3976 apud
593 3893 775 3958 Germanos
800 3898 834 3958 et
857 3893 1003 3958 Graecos
1025 3912 1123 3976 saepe
1147 3892 1265 3956 eudem
1280 3896 1366 3974 sunt,
1389 3892 1482 3955 velut

308 3998 395 4082 apud
426 3999 503 4064 illos
534 4019 665 4082 quoque
693 4020 773 4084 aper
801 4004 835 4064 et
867 4018 986 4064 cervus
1008 4000 1109 4062 hrains
1132 3999 1213 4062 deae
1237 3999 1324 4061 sacri
1348 3995 1482 4070 erant1).

307 4102 424 4185 itaque
458 4105 498 4186 ii,
533 4106 590 4186 qui
622 4107 808 4169 accuratius
842 4105 1098 4188 comparativam
1125 4104 1290 4168 rationem
1315 4107 1487 4183 exercent,

382 4337 403 4405 ¹)
423 4340 458 4395 cf.
477 4341 640 4407 Simrock,
665 4341 822 4396 Handbuch
846 4341 895 4394 der
919 4341 1071 4395 deutschen
1089 4338 1274 4409 Mythologie,
1300 4339 1381 4394 Bonn
1405 4335 1486 4403 1855,

307 4445 334 4495 p.
353 4427 406 4481 370
424 4444 484 4495 sqq.
