3367 5192
826 353 889 415 ·36

278 561 382 624 fuisse
420 559 622 648 declaratur,
674 563 807 626 mittere
850 581 1039 646 possumus,
1087 583 1162 630 cnm
1200 564 1450 632 Schoemannus

277 668 367 730 locos
412 664 454 729 ad
492 666 578 730 hanc
615 685 685 731 rem
725 670 905 740 attinentes
943 672 1148 752 congesserit
1185 671 1228 754 tp.
1260 673 1324 735 327
1356 673 1449 754 sqq),

278 790 476 856 quamquam
498 777 625 837 rectem
648 774 895 840 conclusionem
923 794 989 839 non
1012 776 1101 842 fecit
1145 777 1256 840 Etiam
1278 776 1449 842 Prellerns

277 876 392 959 (Myth.
422 877 477 942 Gr.
508 877 541 962 I,
575 900 606 962 p.
635 881 700 944 256
730 880 811 962 sqq.)
846 881 888 944 de
919 881 1047 945 Hecate
1080 883 1339 967 disputationem
1372 901 1448 946 cum

276 983 384 1048 Diana
414 985 597 1048 coniunxit.
641 983 760 1068 Itaque
787 1005 855 1050 non
880 988 1008 1074 inepte:
1039 1006 1094 1050 me
1121 987 1287 1051 facturum
1317 1007 1446 1068 censeo,

276 1091 306 1154 si
343 1092 378 1152 in
419 1088 644 1171 disputatione
681 1090 722 1154 de
757 1091 886 1155 Dianae
924 1094 1154 1173 antiquissima
1191 1098 1308 1157 natura
1345 1097 1447 1159 etiam

275 1194 423 1259 Hecatae
452 1197 487 1258 et
510 1191 672 1258 Hesiodei
700 1196 792 1260 illius
816 1198 932 1276 hymni
954 1199 1116 1262 rationem
1140 1198 1323 1265 habuerim.
1369 1198 1449 1263 Iure

274 1298 471 1363 Welokerus
504 1297 573 1380 (Th.
598 1299 652 1364 Gr.
675 1299 701 1383 I,
729 1323 759 1386 p.
783 1303 848 1366 565
872 1301 933 1384 sq.)
965 1293 1134 1366 adnotavit
1162 1303 1364 1370 scholiastae
1393 1306 1446 1387 (ad

275 1403 393 1487 Theog.
423 1424 453 1466 v.
482 1405 560 1482 411)
588 1405 778 1490 opinionem
805 1426 875 1470 non
906 1409 1126 1491 respuendam
1162 1429 1236 1474 esse
1271 1406 1447 1494 propterea

275 1508 316 1575 ab
339 1508 487 1572 Hesiodo
509 1509 673 1574 Hecatam
704 1512 749 1574 ito
780 1512 1006 1596 praedicatam
1029 1532 1112 1595 esse,
1141 1516 1227 1595 quod
1250 1516 1284 1579 in
1306 1514 1447 1579 Boeotia

272 1617 452 1698 praecipue
477 1613 650 1678 coleretur.
695 1615 780 1680 Nam
804 1619 906 1680 etiam
929 1619 1111 1701 posteriore
1139 1623 1247 1683 aetate
1262 1619 1369 1683 Diana
1390 1621 1446 1682 vel

272 1717 410 1801 Hecate,
433 1721 611 1803 praecipue
635 1738 684 1800 ea,
707 1741 793 1803 ¹quae
809 1721 948 1801 Ilithyia
964 1717 1264 1806 cognominabatur,
1287 1727 1323 1788 in
1337 1725 1446 1788 Boeo·

272 1828 381 1888 torum
405 1826 498 1889 cultu
522 1823 630 1906 erat1).

761 2157 885 2260 eaput
912 2160 955 2243 V.

490 2349 536 2421 Do
556 2347 735 2421 homicidiis
757 2349 792 2420 io
814 2325 935 2420 Dianas
958 2347 1049 2421 cultu
1070 2349 1215 2420 usitatis.

358 2527 534 2612 Superiore
559 2532 667 2615 capite
690 2529 817 2594 Dianae
840 2534 1001 2611 naturam,
1025 2530 1132 2611 qualis
1155 2529 1191 2592 in
1206 2529 1346 2594 Homeri
1371 2550 1445 2594 car·

269 2636 414 2700 minibus
443 2636 664 2710 describatur,
697 2638 910 2719 contemplati
938 2653 1066 2716 sumne,
1098 2637 1160 2698 hoc
1191 2636 1257 2697 iam
1288 2635 1329 2700 de
1359 2637 1445 2700 anti-

270 2743 431 2823 quissima
457 2739 584 2832 Dianae
612 2743 785 2824 religione,
814 2742 946 2825 qualem
974 2743 1009 2804 in
1041 2743 1135 2805 cultu
1166 2743 1445 2822 caerimoniisque
1550 2780 1553 2787 ,

270 2865 495 2929 agnoscamus,
520 2847 676 2928 scripturi
699 2865 822 2928 snmus,
847 2867 913 2929 qna
928 2850 963 2910 in
978 2866 1015 2910 re
1030 2848 1194 2930 imprimis
1211 2847 1251 2909 de
1268 2847 1442 2910 hominum

269 2950 526 3015 mactationibus
556 2951 734 3015 dicendum
761 2953 859 3017 nobis
884 2954 955 3015 erit.
1003 2952 1238 3015 crudelissimo
1263 2952 1325 3015 hoo
1348 2972 1442 3016 more

270 3058 522 3137 antiquissimae
552 3058 703 3120 nationes
727 3057 806 3120 deos
829 3058 983 3120 venerari
1006 3057 1165 3120 solebant.
1211 3054 1381 3128 Quodcum
1406 3058 1441 3120 in

269 3163 374 3245 ipsius
401 3161 528 3226 Dianae
562 3163 654 3225 cultu
681 3163 771 3224 illius
803 3162 905 3225 moris
933 3163 1075 3242 vestigia
1102 3158 1306 3241 deprehendi
1333 3161 1390 3222 vol
1421 3181 1442 3222 e

269 3268 392 3332 fabulis
423 3269 535 3350 colligi
563 3270 699 3351 possint,
729 3268 770 3330 de
802 3261 931 3328 summa
957 3267 1155 3347 antiquitate
1177 3264 1306 3328 Dianae
1331 3266 1443 3330 cultus

270 3375 430 3458 optimum
465 3375 625 3437 habemus
659 3373 828 3434 indicium.
885 3371 1053 3434 Homines.
1081 3371 1122 3434 ad
1155 3371 1232 3434 deos
1260 3371 1443 3453 placandos

269 3485 413 3544 mactare
443 3483 588 3544 omnium
618 3479 934 3561 ludogermanorum
963 3495 1136 3540 commune
1162 3477 1295 3540 videtur
1325 3477 1439 3556 fuisse,

271 3606 344 3650 oum
374 3589 475 3650 etiam
504 3586 589 3669 apud
613 3583 803 3664 Germanos,
832 3582 945 3664 Italos,
974 3581 1073 3645 Indos
1101 3582 1189 3644 hunc
1216 3600 1342 3644 morem
1372 3584 1441 3664 pri-

269 3694 370 3756 mitus
398 3695 556 3756 usitatum
585 3691 805 3753 inveniamus.
852 3688 969 3770 ltaque
1004 3687 1090 3770 apud
1119 3686 1266 3750 Graecos
1300 3705 1443 3768 quoque,

270 3801 299 3862 si
321 3799 553 3880 antiquissima
576 3797 635 3859 ille
658 3795 800 3876 vestigia
823 3796 1050 3878 respiciamus,
1074 3813 1093 3855 a
1115 3793 1265 3876 patribus
1281 3793 1439 3856 traditam

268 3903 373 3968 fuisse
404 3904 573 3967 hominum
602 3899 881 3964 sacrificationem
907 3918 1015 3980 neque
1043 3920 1063 3962 a
1091 3899 1241 3962 barbaris
1270 3903 1440 3982 receptam

345 4219 365 4289 ¹)
384 4221 419 4274 cf.
438 4221 467 4276 O.
485 4219 507 4275 1.
526 4219 558 4275 G.
578 4219 656 4286 1595,
677 4217 754 4284 1596,
775 4217 852 4283 1597,
874 4214 950 4272 1598.
986 4215 1092 4270 Hecate
1110 4211 1298 4281 κουροτρόφος
1315 4213 1442 4268 Schoe-

268 4327 371 4364 mann
389 4309 425 4372 11,
444 4327 471 4378 p.
484 4309 543 4364 234.
575 4309 699 4364 Eandem
720 4308 801 4361 deam
819 4306 918 4360 fictiles
934 4306 1002 4360 illae
1013 4306 1119 4374 figurae
1132 4304 1288 4372 significare
1300 4303 1441 4367 videntur,

269 4415 340 4466 qnae
365 4399 395 4454 in
418 4397 548 4453 Boeotiae
571 4399 651 4468 pagis
683 4401 783 4466 nuper
796 4395 928 4450 inventae
956 4395 987 4448 in
1009 4391 1180 4451 Berolinonsi
1203 4407 1296 4446 museo
1320 4394 1348 4445 ot
1370 4390 1440 4444 alibi

269 4487 474 4540 conservantur.
