<?xml version="1.0" encoding="UTF-8"?>
<!DOCTYPE html PUBLIC "-//W3C//DTD XHTML 1.0 Transitional//EN"
    "http://www.w3.org/TR/xhtml1/DTD/xhtml1-transitional.dtd">
<html xmlns="http://www.w3.org/1999/xhtml" xml:lang="en" lang="en">
 <head>
  <title>
</title>
<meta http-equiv="Content-Type" content="text/html;charset=utf-8" />
  <meta name='ocr-system' content='tesseract 3.04.00' />
  <meta name='ocr-capabilities' content='ocr_page ocr_carea ocr_par ocr_line ocrx_word'/>
</head>
<body>
  <div class='ocr_page' id='page_1' title='image "./dedianaeantiqui01claugoog_0021.png"; bbox 0 0 3367 5192; ppageno 0'>
   <div class='ocr_carea' id='block_1_1' title="bbox 790 379 830 441">
    <p class='ocr_par' dir='ltr' id='par_1_1' title="bbox 790 379 830 441">
     <span class='ocr_line' id='line_1_1' title="bbox 790 379 830 441; baseline 0 0"><span class='ocrx_word' id='word_1_1' title='bbox 790 379 830 441; x_wconf 88' lang='lat'>13</span> 
     </span>
    </p>
   </div>
   <div class='ocr_carea' id='block_1_2' title="bbox 699 467 912 474">
    <p class='ocr_par' dir='ltr' id='par_1_2' title="bbox 699 467 912 474">
     <span class='ocr_line' id='line_1_2' title="bbox 699 467 912 474; baseline 0.005 -1"><span class='ocrx_word' id='word_1_2' title='bbox 699 467 912 474; x_wconf 76' lang='lat'>——----—.</span> 
     </span>
    </p>
   </div>
   <div class='ocr_carea' id='block_1_3' title="bbox 218 587 1393 686">
    <p class='ocr_par' dir='ltr' id='par_1_3' title="bbox 218 587 1393 686">
     <span class='ocr_line' id='line_1_3' title="bbox 218 587 1393 686; baseline 0.003 -33"><span class='ocrx_word' id='word_1_3' title='bbox 218 591 313 672; x_wconf 84' lang='lat' dir='ltr'>gicae</span> <span class='ocrx_word' id='word_1_4' title='bbox 343 587 426 653; x_wconf 86' lang='lat' dir='ltr'>ratio</span> <span class='ocrx_word' id='word_1_5' title='bbox 455 591 575 654; x_wconf 90' lang='lat' dir='ltr'>melius</span> <span class='ocrx_word' id='word_1_6' title='bbox 605 590 688 654; x_wconf 89' lang='lat' dir='ltr'>mihi</span> <span class='ocrx_word' id='word_1_7' title='bbox 716 591 849 654; x_wconf 86' lang='lat' dir='ltr'>videtur</span> <span class='ocrx_word' id='word_1_8' title='bbox 876 592 1106 686; x_wconf 25' lang='lat' dir='ltr'>habiteffesse,</span> <span class='ocrx_word' id='word_1_9' title='bbox 1141 611 1240 684; x_wconf 85' lang='lat' dir='ltr'>quam</span> <span class='ocrx_word' id='word_1_10' title='bbox 1268 594 1304 657; x_wconf 91' lang='lat' dir='ltr'>iu</span> <span class='ocrx_word' id='word_1_11' title='bbox 1331 595 1393 657; x_wconf 84' lang='lat' dir='ltr'>illa</span> 
     </span>
    </p>
   </div>
   <div class='ocr_carea' id='block_1_4' title="bbox 214 697 1393 2388">
    <p class='ocr_par' dir='ltr' id='par_1_4' title="bbox 216 697 1393 993">
     <span class='ocr_line' id='line_1_4' title="bbox 219 697 1393 782; baseline 0.004 -23"><span class='ocrx_word' id='word_1_12' title='bbox 219 698 347 779; x_wconf 84' lang='lat' dir='ltr'>antiqui</span> <span class='ocrx_word' id='word_1_13' title='bbox 359 697 568 779; x_wconf 83' lang='lat' dir='ltr'>grammatici</span> <span class='ocrx_word' id='word_1_14' title='bbox 578 698 861 781; x_wconf 82' lang='lat' dir='ltr'>interpretatione.</span> <span class='ocrx_word' id='word_1_15' title='bbox 886 699 1000 762; x_wconf 88' lang='lat' dir='ltr'>Aliam</span> <span class='ocrx_word' id='word_1_16' title='bbox 1010 700 1200 782; x_wconf 87' lang='lat' dir='ltr'>nuperrime</span> <span class='ocrx_word' id='word_1_17' title='bbox 1212 698 1393 765; x_wconf 81' lang='lat' dir='ltr'>Goebclius</span> 
     </span>
     <span class='ocr_line' id='line_1_5' title="bbox 217 797 1390 890; baseline 0.003 -25"><span class='ocrx_word' id='word_1_18' title='bbox 217 801 337 883; x_wconf 85' lang='lat' dir='ltr'>(Lexil.</span> <span class='ocrx_word' id='word_1_19' title='bbox 353 800 397 885; x_wconf 93' lang='grc' dir='ltr'>ΙΙ,</span> <span class='ocrx_word' id='word_1_20' title='bbox 418 823 449 886; x_wconf 91' lang='lat' dir='ltr'>p.</span> <span class='ocrx_word' id='word_1_21' title='bbox 466 801 545 886; x_wconf 81' lang='lat'>342)</span> <span class='ocrx_word' id='word_1_22' title='bbox 569 804 668 868; x_wconf 91' lang='lat' dir='ltr'>huius</span> <span class='ocrx_word' id='word_1_23' title='bbox 691 806 835 870; x_wconf 85' lang='lat' dir='ltr'>nominis</span> <span class='ocrx_word' id='word_1_24' title='bbox 852 797 1088 889; x_wconf 77' lang='lat' dir='ltr'>etymologiam</span> <span class='ocrx_word' id='word_1_25' title='bbox 1101 807 1280 890; x_wconf 83' lang='lat' dir='ltr'><strong>proposuit,</strong></span> <span class='ocrx_word' id='word_1_26' title='bbox 1304 824 1390 888; x_wconf 87' lang='lat' dir='ltr'>quae</span> 
     </span>
     <span class='ocr_line' id='line_1_6' title="bbox 216 909 661 993; baseline 0.004 -21"><span class='ocrx_word' id='word_1_27' title='bbox 216 910 326 973; x_wconf 87' lang='lat' dir='ltr'>minus</span> <span class='ocrx_word' id='word_1_28' title='bbox 349 909 472 993; x_wconf 65' lang='lat' dir='ltr'>placete</span> <span class='ocrx_word' id='word_1_29' title='bbox 495 910 573 974; x_wconf 82' lang='lat' dir='ltr'>vide</span> <span class='ocrx_word' id='word_1_30' title='bbox 596 911 616 974; x_wconf 90' lang='lat' dir='ltr'>l.</span> <span class='ocrx_word' id='word_1_31' title='bbox 640 912 661 975; x_wconf 95' lang='lat' dir='ltr'>l.</span> 
     </span>
    </p>

    <p class='ocr_par' dir='ltr' id='par_1_5' title="bbox 214 1016 1391 2388">
     <span class='ocr_line' id='line_1_7' title="bbox 305 1016 1390 1102; baseline 0.005 -23"><span class='ocrx_word' id='word_1_32' title='bbox 305 1016 493 1097; x_wconf 78' lang='lat' dir='ltr'>Dictynnae</span> <span class='ocrx_word' id='word_1_33' title='bbox 533 1035 669 1100; x_wconf 89' lang='lat' dir='ltr'>nomen,</span> <span class='ocrx_word' id='word_1_34' title='bbox 718 1019 760 1083; x_wconf 84' lang='lat' dir='ltr'>ad</span> <span class='ocrx_word' id='word_1_35' title='bbox 799 1020 885 1102; x_wconf 90' lang='lat' dir='ltr'>qnod</span> <span class='ocrx_word' id='word_1_36' title='bbox 925 1022 993 1083; x_wconf 83' lang='lat' dir='ltr'>iam</span> <span class='ocrx_word' id='word_1_37' title='bbox 1037 1021 1273 1102; x_wconf 82' lang='lat' dir='ltr'>convertimur,</span> <span class='ocrx_word' id='word_1_38' title='bbox 1318 1020 1390 1084; x_wconf 84' lang='lat' dir='ltr'>fere</span> 
     </span>
     <span class='ocr_line' id='line_1_8' title="bbox 217 1121 1390 1206; baseline 0.003 -20"><span class='ocrx_word' id='word_1_39' title='bbox 217 1142 330 1188; x_wconf 88' lang='lat' dir='ltr'>omnes</span> <span class='ocrx_word' id='word_1_40' title='bbox 360 1124 401 1188; x_wconf 84' lang='lat' dir='ltr'>ad</span> <span class='ocrx_word' id='word_1_41' title='bbox 428 1121 543 1185; x_wconf 79' lang='grc' dir='ltr'><strong><em>δίκτυα</em></strong></span> <span class='ocrx_word' id='word_1_42' title='bbox 569 1126 590 1187; x_wconf 91' lang='lat' dir='ltr'>i.</span> <span class='ocrx_word' id='word_1_43' title='bbox 620 1144 648 1206; x_wconf 93' lang='lat' dir='ltr'>q.</span> <span class='ocrx_word' id='word_1_44' title='bbox 676 1127 762 1190; x_wconf 83' lang='lat' dir='ltr'>rotis</span> <span class='ocrx_word' id='word_1_45' title='bbox 789 1127 1003 1192; x_wconf 84' lang='lat' dir='ltr'>referendum</span> <span class='ocrx_word' id='word_1_46' title='bbox 1032 1145 1106 1191; x_wconf 85' lang='lat' dir='ltr'>esse</span> <span class='ocrx_word' id='word_1_47' title='bbox 1130 1132 1333 1192; x_wconf 88' lang='lat' dir='ltr'>censuerunt</span> <span class='ocrx_word' id='word_1_48' title='bbox 1356 1131 1390 1190; x_wconf 91' lang='lat' dir='ltr'>et</span> 
     </span>
     <span class='ocr_line' id='line_1_9' title="bbox 216 1232 1390 1317; baseline 0.003 -23"><span class='ocrx_word' id='word_1_49' title='bbox 216 1235 334 1312; x_wconf 88' lang='lat' dir='ltr'>poetas</span> <span class='ocrx_word' id='word_1_50' title='bbox 357 1236 497 1313; x_wconf 82' lang='lat' dir='ltr'>veteres,</span> <span class='ocrx_word' id='word_1_51' title='bbox 525 1236 563 1295; x_wconf 93' lang='lat' dir='ltr'>ut</span> <span class='ocrx_word' id='word_1_52' title='bbox 585 1232 669 1296; x_wconf 88' lang='lat' dir='ltr'>haec</span> <span class='ocrx_word' id='word_1_53' title='bbox 694 1232 882 1317; x_wconf 79' lang='lat' dir='ltr'>probarent,</span> <span class='ocrx_word' id='word_1_54' title='bbox 913 1234 1061 1298; x_wconf 85' lang='lat' dir='ltr'>fabulam</span> <span class='ocrx_word' id='word_1_55' title='bbox 1085 1235 1248 1316; x_wconf 87' lang='lat' dir='ltr'>quandam</span> <span class='ocrx_word' id='word_1_56' title='bbox 1271 1235 1301 1298; x_wconf 88' lang='lat' dir='ltr'>si</span> <span class='ocrx_word' id='word_1_57' title='bbox 1322 1252 1390 1298; x_wconf 93' lang='lat' dir='ltr'>non</span> 
     </span>
     <span class='ocr_line' id='line_1_10' title="bbox 215 1337 1389 1422; baseline 0.003 -21"><span class='ocrx_word' id='word_1_58' title='bbox 215 1340 415 1402; x_wconf 81' lang='lat' dir='ltr'>invenerunt</span> <span class='ocrx_word' id='word_1_59' title='bbox 446 1341 537 1402; x_wconf 89' lang='lat' dir='ltr'>certo</span> <span class='ocrx_word' id='word_1_60' title='bbox 564 1343 838 1421; x_wconf 80' lang='lat' dir='ltr'>permutaverunt</span> <span class='ocrx_word' id='word_1_61' title='bbox 848 1337 881 1422; x_wconf 87' lang='grc'>1).</span> <span class='ocrx_word' id='word_1_62' title='bbox 929 1339 1052 1404; x_wconf 80' lang='lat' dir='ltr'>Tamen</span> <span class='ocrx_word' id='word_1_63' title='bbox 1081 1341 1148 1404; x_wconf 77' lang='lat' dir='ltr'>viri</span> <span class='ocrx_word' id='word_1_64' title='bbox 1170 1340 1259 1405; x_wconf 90' lang='lat' dir='ltr'>docti</span> <span class='ocrx_word' id='word_1_65' title='bbox 1283 1341 1323 1404; x_wconf 91' lang='lat' dir='ltr'>de</span> <span class='ocrx_word' id='word_1_66' title='bbox 1348 1359 1389 1404; x_wconf 84' lang='lat' dir='ltr'>ea</span> 
     </span>
     <span class='ocr_line' id='line_1_11' title="bbox 215 1426 1387 1531; baseline 0.002 -22"><span class='ocrx_word' id='word_1_67' title='bbox 215 1464 252 1509; x_wconf 91' lang='lat' dir='ltr'>re</span> <span class='ocrx_word' id='word_1_68' title='bbox 291 1445 499 1510; x_wconf 80' lang='lat' dir='ltr'>dubitabant:</span> <span class='ocrx_word' id='word_1_69' title='bbox 542 1444 766 1529; x_wconf 82' lang='lat' dir='ltr'>Deimlingius</span> <span class='ocrx_word' id='word_1_70' title='bbox 805 1447 858 1528; x_wconf 91' lang='lat' dir='ltr'>(de</span> <span class='ocrx_word' id='word_1_71' title='bbox 897 1446 1011 1531; x_wconf 83' lang='lat' dir='ltr'>Leleg.</span> <span class='ocrx_word' id='word_1_72' title='bbox 1045 1468 1075 1530; x_wconf 88' lang='lat' dir='ltr'>p.</span> <span class='ocrx_word' id='word_1_73' title='bbox 1112 1426 1193 1527; x_wconf 78' lang='grc' dir='ltr'>188)ι</span> <span class='ocrx_word' id='word_1_74' title='bbox 1227 1467 1246 1511; x_wconf 85' lang='lat' dir='ltr'>a</span> <span class='ocrx_word' id='word_1_75' title='bbox 1284 1447 1387 1511; x_wconf 86' lang='lat' dir='ltr'>verbo</span> 
     </span>
     <span class='ocr_line' id='line_1_12' title="bbox 216 1546 1388 1634; baseline 0.003 -21"><span class='ocrx_word' id='word_1_76' title='bbox 216 1549 315 1614; x_wconf 78' lang='grc' dir='ltr'><strong><em>δικελν</em></strong></span> <span class='ocrx_word' id='word_1_77' title='bbox 342 1554 362 1615; x_wconf 90' lang='lat' dir='ltr'>i.</span> <span class='ocrx_word' id='word_1_78' title='bbox 391 1572 418 1618; x_wconf 91' lang='lat' dir='ltr'>e.</span> <span class='ocrx_word' id='word_1_79' title='bbox 447 1546 575 1631; x_wconf 76' lang='grc' dir='ltr'><strong><em>βάλλειν</em></strong></span> <span class='ocrx_word' id='word_1_80' title='bbox 609 1553 827 1617; x_wconf 83' lang='lat' dir='ltr'>derivandum</span> <span class='ocrx_word' id='word_1_81' title='bbox 861 1572 982 1618; x_wconf 92' lang='lat' dir='ltr'>nomen</span> <span class='ocrx_word' id='word_1_82' title='bbox 1017 1571 1090 1617; x_wconf 89' lang='lat' dir='ltr'>esse</span> <span class='ocrx_word' id='word_1_83' title='bbox 1126 1571 1230 1634; x_wconf 91' lang='lat' dir='ltr'>eoque</span> <span class='ocrx_word' id='word_1_84' title='bbox 1258 1552 1388 1616; x_wconf 83' lang='lat' dir='ltr'>Lunam</span> 
     </span>
     <span class='ocr_line' id='line_1_13' title="bbox 216 1650 1391 1744; baseline 0.001 -22"><span class='ocrx_word' id='word_1_85' title='bbox 216 1660 312 1724; x_wconf 90' lang='lat' dir='ltr'>deam</span> <span class='ocrx_word' id='word_1_86' title='bbox 339 1659 449 1724; x_wconf 83' lang='lat' dir='ltr'>radios</span> <span class='ocrx_word' id='word_1_87' title='bbox 476 1650 677 1725; x_wconf 80' lang='lat' dir='ltr'>‘iactantem&#39;</span> <span class='ocrx_word' id='word_1_88' title='bbox 710 1660 893 1744; x_wconf 79' lang='lat' dir='ltr'>significari</span> <span class='ocrx_word' id='word_1_89' title='bbox 920 1665 1043 1742; x_wconf 79' lang='lat' dir='ltr'>censet,</span> <span class='ocrx_word' id='word_1_90' title='bbox 1075 1679 1160 1742; x_wconf 85' lang='lat' dir='ltr'>quae</span> <span class='ocrx_word' id='word_1_91' title='bbox 1188 1661 1391 1744; x_wconf 82' lang='lat' dir='ltr'>etymologia</span> 
     </span>
     <span class='ocr_line' id='line_1_14' title="bbox 216 1767 1386 1852; baseline -0.002 -20"><span class='ocrx_word' id='word_1_92' title='bbox 216 1773 249 1832; x_wconf 95' lang='lat' dir='ltr'>et</span> <span class='ocrx_word' id='word_1_93' title='bbox 286 1768 520 1850; x_wconf 81' lang='lat' dir='ltr'>grammaticae</span> <span class='ocrx_word' id='word_1_94' title='bbox 559 1773 593 1831; x_wconf 90' lang='lat' dir='ltr'>et</span> <span class='ocrx_word' id='word_1_95' title='bbox 630 1769 876 1852; x_wconf 83' lang='lat' dir='ltr'>mythologicae</span> <span class='ocrx_word' id='word_1_96' title='bbox 920 1769 1042 1832; x_wconf 87' lang='lat' dir='ltr'>rationi</span> <span class='ocrx_word' id='word_1_97' title='bbox 1079 1768 1179 1830; x_wconf 90' lang='lat' dir='ltr'>nimis</span> <span class='ocrx_word' id='word_1_98' title='bbox 1217 1767 1386 1831; x_wconf 80' lang='lat' dir='ltr'>adversari</span> 
     </span>
     <span class='ocr_line' id='line_1_15' title="bbox 214 1873 1387 1959; baseline 0.002 -23"><span class='ocrx_word' id='word_1_99' title='bbox 214 1875 356 1940; x_wconf 85' lang='lat' dir='ltr'>videtur.</span> <span class='ocrx_word' id='word_1_100' title='bbox 402 1873 521 1939; x_wconf 87' lang='lat' dir='ltr'>Melior</span> <span class='ocrx_word' id='word_1_101' title='bbox 544 1876 604 1939; x_wconf 86' lang='lat' dir='ltr'>illa</span> <span class='ocrx_word' id='word_1_102' title='bbox 628 1879 688 1956; x_wconf 88' lang='lat' dir='ltr'>est,</span> <span class='ocrx_word' id='word_1_103' title='bbox 714 1895 814 1958; x_wconf 86' lang='lat' dir='ltr'>quam</span> <span class='ocrx_word' id='word_1_104' title='bbox 828 1875 920 1959; x_wconf 89' lang='lat' dir='ltr'>Pape</span> <span class='ocrx_word' id='word_1_105' title='bbox 944 1875 1038 1959; x_wconf 85' lang='lat' dir='ltr'>(Lex.</span> <span class='ocrx_word' id='word_1_106' title='bbox 1061 1874 1116 1938; x_wconf 79' lang='lat' dir='ltr'>Gr.</span> <span class='ocrx_word' id='word_1_107' title='bbox 1139 1894 1165 1938; x_wconf 90' lang='lat' dir='ltr'>s.</span> <span class='ocrx_word' id='word_1_108' title='bbox 1189 1875 1221 1937; x_wconf 92' lang='lat' dir='ltr'>h.</span> <span class='ocrx_word' id='word_1_109' title='bbox 1244 1874 1288 1954; x_wconf 81' lang='lat' dir='ltr'>v.)</span> <span class='ocrx_word' id='word_1_110' title='bbox 1311 1894 1387 1957; x_wconf 88' lang='lat' dir='ltr'>pro·</span> 
     </span>
     <span class='ocr_line' id='line_1_16' title="bbox 214 1981 1387 2066; baseline 0.001 -23"><span class='ocrx_word' id='word_1_111' title='bbox 214 1983 324 2064; x_wconf 88' lang='lat' dir='ltr'>posuit</span> <span class='ocrx_word' id='word_1_112' title='bbox 348 1981 444 2045; x_wconf 87' lang='lat' dir='ltr'>deam</span> <span class='ocrx_word' id='word_1_113' title='bbox 467 1981 598 2046; x_wconf 87' lang='lat' dir='ltr'>aDicte</span> <span class='ocrx_word' id='word_1_114' title='bbox 622 1987 736 2046; x_wconf 89' lang='lat' dir='ltr'>monte</span> <span class='ocrx_word' id='word_1_115' title='bbox 760 1983 963 2066; x_wconf 85' lang='lat' dir='ltr'>appellatam</span> <span class='ocrx_word' id='word_1_116' title='bbox 979 2001 1053 2046; x_wconf 87' lang='lat' dir='ltr'>esse</span> <span class='ocrx_word' id='word_1_117' title='bbox 1069 1984 1231 2065; x_wconf 87' lang='lat' dir='ltr'>opinatus.</span> <span class='ocrx_word' id='word_1_118' title='bbox 1261 1981 1387 2045; x_wconf 86' lang='lat' dir='ltr'>Verum</span> 
     </span>
     <span class='ocr_line' id='line_1_17' title="bbox 215 2086 1391 2173; baseline 0 -21"><span class='ocrx_word' id='word_1_119' title='bbox 215 2093 327 2152; x_wconf 85' lang='lat' dir='ltr'>tamen</span> <span class='ocrx_word' id='word_1_120' title='bbox 366 2090 402 2150; x_wconf 90' lang='lat' dir='ltr'>in</span> <span class='ocrx_word' id='word_1_121' title='bbox 444 2086 505 2151; x_wconf 87' lang='lat' dir='ltr'>illa</span> <span class='ocrx_word' id='word_1_122' title='bbox 546 2093 698 2153; x_wconf 84' lang='lat' dir='ltr'>veterum</span> <span class='ocrx_word' id='word_1_123' title='bbox 741 2091 907 2153; x_wconf 85' lang='lat' dir='ltr'>sententia</span> <span class='ocrx_word' id='word_1_124' title='bbox 948 2107 1164 2173; x_wconf 87' lang='lat' dir='ltr'>perseverare</span> <span class='ocrx_word' id='word_1_125' title='bbox 1205 2107 1391 2172; x_wconf 88' lang='lat' dir='ltr'>possumus,</span> 
     </span>
     <span class='ocr_line' id='line_1_18' title="bbox 215 2194 1388 2280; baseline -0.002 -21"><span class='ocrx_word' id='word_1_126' title='bbox 215 2197 244 2259; x_wconf 89' lang='lat' dir='ltr'>si</span> <span class='ocrx_word' id='word_1_127' title='bbox 272 2194 473 2276; x_wconf 83' lang='lat' dir='ltr'>Dictynnam</span> <span class='ocrx_word' id='word_1_128' title='bbox 509 2200 643 2280; x_wconf 88' lang='lat' dir='ltr'>propter</span> <span class='ocrx_word' id='word_1_129' title='bbox 677 2197 759 2260; x_wconf 87' lang='lat' dir='ltr'>deae</span> <span class='ocrx_word' id='word_1_130' title='bbox 795 2201 938 2261; x_wconf 80' lang='lat' dir='ltr'>statuam</span> <span class='ocrx_word' id='word_1_131' title='bbox 968 2195 1097 2261; x_wconf 87' lang='lat' dir='ltr'>retibus</span> <span class='ocrx_word' id='word_1_132' title='bbox 1125 2195 1388 2276; x_wconf 82' lang='lat' dir='ltr'>olrcumligatam</span> 
     </span>
     <span class='ocr_line' id='line_1_19' title="bbox 215 2296 1387 2388; baseline -0.001 -23"><span class='ocrx_word' id='word_1_133' title='bbox 215 2302 337 2366; x_wconf 85' lang='lat' dir='ltr'>dictam</span> <span class='ocrx_word' id='word_1_134' title='bbox 375 2321 449 2365; x_wconf 88' lang='lat' dir='ltr'>esse</span> <span class='ocrx_word' id='word_1_135' title='bbox 487 2303 680 2388; x_wconf 76' lang='lat' dir='ltr'>probemuS,</span> <span class='ocrx_word' id='word_1_136' title='bbox 724 2305 841 2385; x_wconf 82' lang='lat' dir='ltr'>qualest</span> <span class='ocrx_word' id='word_1_137' title='bbox 884 2305 964 2368; x_wconf 91' lang='lat' dir='ltr'>olim</span> <span class='ocrx_word' id='word_1_138' title='bbox 1008 2305 1179 2367; x_wconf 85' lang='lat' dir='ltr'>exstitisse</span> <span class='ocrx_word' id='word_1_139' title='bbox 1216 2305 1344 2366; x_wconf 90' lang='lat' dir='ltr'>constat</span> <span class='ocrx_word' id='word_1_140' title='bbox 1352 2296 1387 2382; x_wconf 76' lang='lat'>²).</span> 
     </span>
    </p>
   </div>
   <div class='ocr_carea' id='block_1_5' title="bbox 102 2407 1390 2494">
    <p class='ocr_par' dir='ltr' id='par_1_6' title="bbox 102 2407 1390 2494">
     <span class='ocr_line' id='line_1_20' title="bbox 102 2407 1390 2494; baseline 0.001 -23"><span class='ocrx_word' id='word_1_141' title='bbox 102 2451 104 2456; x_wconf 91' lang='lat'>-</span> <span class='ocrx_word' id='word_1_142' title='bbox 213 2407 362 2490; x_wconf 86' lang='lat' dir='ltr'>Namque</span> <span class='ocrx_word' id='word_1_143' title='bbox 397 2428 417 2471; x_wconf 92' lang='lat' dir='ltr'>a</span> <span class='ocrx_word' id='word_1_144' title='bbox 450 2411 620 2491; x_wconf 83' lang='lat' dir='ltr'>signorum</span> <span class='ocrx_word' id='word_1_145' title='bbox 656 2412 770 2494; x_wconf 89' lang='lat' dir='ltr'>specie</span> <span class='ocrx_word' id='word_1_146' title='bbox 806 2429 906 2494; x_wconf 89' lang='lat' dir='ltr'>saepe</span> <span class='ocrx_word' id='word_1_147' title='bbox 937 2411 988 2474; x_wconf 90' lang='lat' dir='ltr'>dis</span> <span class='ocrx_word' id='word_1_148' title='bbox 1015 2411 1150 2473; x_wconf 88' lang='lat' dir='ltr'>nomina</span> <span class='ocrx_word' id='word_1_149' title='bbox 1177 2408 1390 2490; x_wconf 85' lang='lat' dir='ltr'>ludebantur,</span> 
     </span>
    </p>
   </div>
   <div class='ocr_carea' id='block_1_6' title="bbox 154 2514 1392 3664">
    <p class='ocr_par' dir='ltr' id='par_1_7' title="bbox 154 2514 1392 3664">
     <span class='ocr_line' id='line_1_21' title="bbox 214 2514 1391 2599; baseline 0 -22"><span class='ocrx_word' id='word_1_150' title='bbox 214 2520 294 2599; x_wconf 85' lang='lat' dir='ltr'>puta</span> <span class='ocrx_word' id='word_1_151' title='bbox 320 2514 539 2599; x_wconf 84' lang='lat' dir='ltr'>Lygodesma,</span> <span class='ocrx_word' id='word_1_152' title='bbox 568 2516 762 2597; x_wconf 85' lang='lat' dir='ltr'>Phacelitis,</span> <span class='ocrx_word' id='word_1_153' title='bbox 793 2516 910 2581; x_wconf 89' lang='lat' dir='ltr'>Orthia</span> <span class='ocrx_word' id='word_1_154' title='bbox 920 2514 953 2597; x_wconf 74' lang='lat'>³).</span> <span class='ocrx_word' id='word_1_155' title='bbox 1001 2516 1083 2580; x_wconf 80' lang='lat' dir='ltr'>Cum</span> <span class='ocrx_word' id='word_1_156' title='bbox 1106 2516 1240 2578; x_wconf 86' lang='lat' dir='ltr'>veroin</span> <span class='ocrx_word' id='word_1_157' title='bbox 1263 2515 1325 2577; x_wconf 86' lang='lat' dir='ltr'>hac</span> <span class='ocrx_word' id='word_1_158' title='bbox 1349 2533 1391 2577; x_wconf 85' lang='lat' dir='ltr'>re</span> 
     </span>
     <span class='ocr_line' id='line_1_22' title="bbox 213 2620 1387 2706; baseline 0 -22"><span class='ocrx_word' id='word_1_159' title='bbox 213 2641 330 2686; x_wconf 82' lang='lat' dir='ltr'>verum</span> <span class='ocrx_word' id='word_1_160' title='bbox 358 2621 539 2705; x_wconf 85' lang='lat' dir='ltr'>explanare</span> <span class='ocrx_word' id='word_1_161' title='bbox 562 2623 621 2684; x_wconf 87' lang='lat' dir='ltr'>vix</span> <span class='ocrx_word' id='word_1_162' title='bbox 644 2623 821 2706; x_wconf 81' lang='lat' dir='ltr'>possimne,</span> <span class='ocrx_word' id='word_1_163' title='bbox 858 2625 1082 2687; x_wconf 87' lang='lat' dir='ltr'>coniecturam</span> <span class='ocrx_word' id='word_1_164' title='bbox 1109 2623 1230 2687; x_wconf 88' lang='lat' dir='ltr'>ceteris</span> <span class='ocrx_word' id='word_1_165' title='bbox 1253 2620 1387 2685; x_wconf 74' lang='lat' dir='ltr'>addisce</span> 
     </span>
     <span class='ocr_line' id='line_1_23' title="bbox 215 2728 485 2792; baseline -0.004 0"><span class='ocrx_word' id='word_1_166' title='bbox 215 2728 298 2792; x_wconf 89' lang='lat' dir='ltr'>mihi</span> <span class='ocrx_word' id='word_1_167' title='bbox 322 2729 402 2792; x_wconf 86' lang='lat' dir='ltr'>satis</span> <span class='ocrx_word' id='word_1_168' title='bbox 426 2732 485 2792; x_wconf 88' lang='lat' dir='ltr'>est.</span> 
     </span>
     <span class='ocr_line' id='line_1_24' title="bbox 303 2833 1392 2918; baseline -0.001 -20"><span class='ocrx_word' id='word_1_169' title='bbox 303 2833 419 2916; x_wconf 89' lang='lat' dir='ltr'>Neque</span> <span class='ocrx_word' id='word_1_170' title='bbox 447 2836 483 2897; x_wconf 91' lang='lat' dir='ltr'>in</span> <span class='ocrx_word' id='word_1_171' title='bbox 513 2835 578 2899; x_wconf 84' lang='lat' dir='ltr'>alio</span> <span class='ocrx_word' id='word_1_172' title='bbox 604 2833 732 2898; x_wconf 86' lang='lat' dir='ltr'>Dianae</span> <span class='ocrx_word' id='word_1_173' title='bbox 765 2835 900 2898; x_wconf 92' lang='lat' dir='ltr'>nomine</span> <span class='ocrx_word' id='word_1_174' title='bbox 931 2835 1129 2918; x_wconf 86' lang='lat' dir='ltr'>explicando</span> <span class='ocrx_word' id='word_1_175' title='bbox 1159 2838 1284 2898; x_wconf 85' lang='lat' dir='ltr'>certam</span> <span class='ocrx_word' id='word_1_176' title='bbox 1312 2853 1392 2898; x_wconf 49' lang='lat' dir='ltr'>sen*</span> 
     </span>
     <span class='ocr_line' id='line_1_25' title="bbox 180 2928 1387 3024; baseline -0.001 -18"><span class='ocrx_word' id='word_1_177' title='bbox 180 2953 186 2996; x_wconf 71' lang='lat' dir='ltr'>i</span> <span class='ocrx_word' id='word_1_178' title='bbox 213 2943 353 3006; x_wconf 89' lang='lat' dir='ltr'>tentiam</span> <span class='ocrx_word' id='word_1_179' title='bbox 376 2941 515 3024; x_wconf 88' lang='lat' dir='ltr'>probare</span> <span class='ocrx_word' id='word_1_180' title='bbox 532 2959 716 3024; x_wconf 89' lang='lat' dir='ltr'>possumus,</span> <span class='ocrx_word' id='word_1_181' title='bbox 735 2928 834 3002; x_wconf 75' lang='grc' dir='ltr'><strong><em>Ὦπιν</em></strong></span> <span class='ocrx_word' id='word_1_182' title='bbox 850 2942 905 3004; x_wconf 90' lang='lat' dir='ltr'>vel</span> <span class='ocrx_word' id='word_1_183' title='bbox 922 2931 1030 3004; x_wconf 79' lang='grc' dir='ltr'><strong><em>Οὖσιν</em></strong></span> <span class='ocrx_word' id='word_1_184' title='bbox 1044 2942 1127 3024; x_wconf 90' lang='lat' dir='ltr'>dico,</span> <span class='ocrx_word' id='word_1_185' title='bbox 1149 2960 1251 3024; x_wconf 89' lang='lat' dir='ltr'>quam</span> <span class='ocrx_word' id='word_1_186' title='bbox 1269 2959 1387 3005; x_wconf 87' lang='lat' dir='ltr'>vocem</span> 
     </span>
     <span class='ocr_line' id='line_1_26' title="bbox 215 3047 1387 3130; baseline -0.002 -18"><span class='ocrx_word' id='word_1_187' title='bbox 215 3049 417 3112; x_wconf 79' lang='lat' dir='ltr'>Callimacho</span> <span class='ocrx_word' id='word_1_188' title='bbox 448 3052 581 3112; x_wconf 88' lang='lat' dir='ltr'>auctore</span> <span class='ocrx_word' id='word_1_189' title='bbox 612 3048 655 3130; x_wconf 88' lang='lat' dir='ltr'>(h.</span> <span class='ocrx_word' id='word_1_190' title='bbox 682 3050 717 3111; x_wconf 92' lang='lat' dir='ltr'>in</span> <span class='ocrx_word' id='word_1_191' title='bbox 740 3047 779 3111; x_wconf 91' lang='lat' dir='ltr'>D.</span> <span class='ocrx_word' id='word_1_192' title='bbox 802 3069 831 3112; x_wconf 84' lang='grc' dir='ltr'>ν.</span> <span class='ocrx_word' id='word_1_193' title='bbox 855 3049 935 3127; x_wconf 82' lang='grc'>204,</span> <span class='ocrx_word' id='word_1_194' title='bbox 960 3047 1019 3129; x_wconf 82' lang='lat' dir='ltr'>sq.)</span> <span class='ocrx_word' id='word_1_195' title='bbox 1051 3048 1164 3112; x_wconf 81' lang='lat' dir='ltr'>Cretes</span> <span class='ocrx_word' id='word_1_196' title='bbox 1193 3067 1323 3130; x_wconf 90' lang='lat' dir='ltr'>quoque</span> <span class='ocrx_word' id='word_1_197' title='bbox 1351 3050 1387 3110; x_wconf 87' lang='lat' dir='ltr'>in</span> 
     </span>
     <span class='ocr_line' id='line_1_27' title="bbox 212 3154 1385 3239; baseline -0.002 -21"><span class='ocrx_word' id='word_1_198' title='bbox 212 3175 277 3220; x_wconf 89' lang='lat' dir='ltr'>usu</span> <span class='ocrx_word' id='word_1_199' title='bbox 309 3156 484 3220; x_wconf 86' lang='lat' dir='ltr'>habebant.</span> <span class='ocrx_word' id='word_1_200' title='bbox 536 3155 659 3219; x_wconf 88' lang='lat' dir='ltr'>Variae</span> <span class='ocrx_word' id='word_1_201' title='bbox 699 3157 772 3220; x_wconf 89' lang='lat' dir='ltr'>eius</span> <span class='ocrx_word' id='word_1_202' title='bbox 809 3156 953 3219; x_wconf 89' lang='lat' dir='ltr'>nominis</span> <span class='ocrx_word' id='word_1_203' title='bbox 986 3155 1227 3238; x_wconf 87' lang='lat' dir='ltr'>explicationes</span> <span class='ocrx_word' id='word_1_204' title='bbox 1258 3154 1385 3239; x_wconf 89' lang='lat' dir='ltr'>publici</span> 
     </span>
     <span class='ocr_line' id='line_1_28' title="bbox 214 3260 1386 3344; baseline -0.001 -19"><span class='ocrx_word' id='word_1_205' title='bbox 214 3263 296 3326; x_wconf 87' lang='lat' dir='ltr'>iuris</span> <span class='ocrx_word' id='word_1_206' title='bbox 330 3262 438 3326; x_wconf 86' lang='lat' dir='ltr'>iactae</span> <span class='ocrx_word' id='word_1_207' title='bbox 472 3267 557 3326; x_wconf 89' lang='lat' dir='ltr'>sunt.</span> <span class='ocrx_word' id='word_1_208' title='bbox 614 3262 650 3325; x_wconf 83' lang='lat' dir='ltr'>G.</span> <span class='ocrx_word' id='word_1_209' title='bbox 678 3261 892 3326; x_wconf 86' lang='lat' dir='ltr'>Hermannus</span> <span class='ocrx_word' id='word_1_210' title='bbox 925 3262 987 3344; x_wconf 88' lang='lat' dir='ltr'>(op.</span> <span class='ocrx_word' id='word_1_211' title='bbox 1016 3261 1108 3328; x_wconf 88' lang='lat' dir='ltr'>acad.</span> <span class='ocrx_word' id='word_1_212' title='bbox 1137 3260 1215 3344; x_wconf 89' lang='lat' dir='ltr'>VII,</span> <span class='ocrx_word' id='word_1_213' title='bbox 1250 3283 1281 3344; x_wconf 87' lang='lat' dir='ltr'>p.</span> <span class='ocrx_word' id='word_1_214' title='bbox 1309 3261 1386 3341; x_wconf 82' lang='lat'><strong>306)</strong></span> 
     </span>
     <span class='ocr_line' id='line_1_29' title="bbox 154 3343 1390 3452; baseline -0.001 -20"><span class='ocrx_word' id='word_1_215' title='bbox 154 3343 160 3362; x_wconf 55' lang='lat'>¹</span> <span class='ocrx_word' id='word_1_216' title='bbox 207 3362 329 3433; x_wconf 81' lang='lat' dir='ltr'>‘noctis</span> <span class='ocrx_word' id='word_1_217' title='bbox 354 3361 492 3432; x_wconf 90' lang='lat' dir='ltr'>oculum&#39;</span> <span class='ocrx_word' id='word_1_218' title='bbox 522 3370 581 3433; x_wconf 93' lang='lat' dir='ltr'>illo</span> <span class='ocrx_word' id='word_1_219' title='bbox 605 3368 789 3452; x_wconf 86' lang='lat' dir='ltr'>significari</span> <span class='ocrx_word' id='word_1_220' title='bbox 824 3373 938 3432; x_wconf 87' lang='lat' dir='ltr'>censet</span> <span class='ocrx_word' id='word_1_221' title='bbox 965 3368 1044 3449; x_wconf 86' lang='lat' dir='ltr'>(rad.</span> <span class='ocrx_word' id='word_1_222' title='bbox 1068 3387 1124 3451; x_wconf 79' lang='lat' dir='ltr'>op</span> <span class='ocrx_word' id='word_1_223' title='bbox 1148 3369 1168 3430; x_wconf 89' lang='lat' dir='ltr'>i.</span> <span class='ocrx_word' id='word_1_224' title='bbox 1193 3387 1222 3450; x_wconf 92' lang='lat' dir='ltr'>q.</span> <span class='ocrx_word' id='word_1_225' title='bbox 1244 3366 1390 3448; x_wconf 57' lang='lat' dir='ltr'>videret.</span> 
     </span>
     <span class='ocr_line' id='line_1_30' title="bbox 205 3471 1387 3558; baseline 0 -20"><span class='ocrx_word' id='word_1_226' title='bbox 205 3473 250 3558; x_wconf 90' lang='grc' dir='ltr'>ΙΟ.</span> <span class='ocrx_word' id='word_1_227' title='bbox 274 3474 457 3539; x_wconf 86' lang='lat' dir='ltr'>Muellerus</span> <span class='ocrx_word' id='word_1_228' title='bbox 467 3473 492 3556; x_wconf 76' lang='grc'>4)</span> <span class='ocrx_word' id='word_1_229' title='bbox 517 3481 550 3540; x_wconf 89' lang='lat' dir='ltr'>et</span> <span class='ocrx_word' id='word_1_230' title='bbox 576 3475 747 3540; x_wconf 87' lang='lat' dir='ltr'>Prellerus</span> <span class='ocrx_word' id='word_1_231' title='bbox 776 3471 894 3555; x_wconf 89' lang='lat' dir='ltr'>(Myth.</span> <span class='ocrx_word' id='word_1_232' title='bbox 923 3473 977 3537; x_wconf 80' lang='lat' dir='ltr'>Gr.</span> <span class='ocrx_word' id='word_1_233' title='bbox 1001 3472 1032 3555; x_wconf 99' lang='grc' dir='ltr'>Ι,</span> <span class='ocrx_word' id='word_1_234' title='bbox 1073 3494 1104 3557; x_wconf 91' lang='lat' dir='ltr'>p.</span> <span class='ocrx_word' id='word_1_235' title='bbox 1127 3474 1206 3556; x_wconf 73' lang='lat'>243)</span> <span class='ocrx_word' id='word_1_236' title='bbox 1243 3476 1387 3538; x_wconf 84' lang='lat' dir='ltr'>ethicam</span> 
     </span>
     <span class='ocr_line' id='line_1_31' title="bbox 213 3576 1386 3664; baseline 0 -20"><span class='ocrx_word' id='word_1_237' title='bbox 213 3583 382 3645; x_wconf 88' lang='lat' dir='ltr'>notionem</span> <span class='ocrx_word' id='word_1_238' title='bbox 406 3582 565 3664; x_wconf 88' lang='lat' dir='ltr'>suspicati</span> <span class='ocrx_word' id='word_1_239' title='bbox 590 3587 676 3644; x_wconf 85' lang='lat' dir='ltr'>sunt.</span> <span class='ocrx_word' id='word_1_240' title='bbox 723 3576 993 3661; x_wconf 76' lang='lat' dir='ltr'>Boetticherus⁵)</span> <span class='ocrx_word' id='word_1_241' title='bbox 1017 3580 1056 3644; x_wconf 86' lang='lat' dir='ltr'>ab</span> <span class='ocrx_word' id='word_1_242' title='bbox 1078 3582 1386 3663; x_wconf 85' lang='lat' dir='ltr'>exclamationibus,</span> 
     </span>
    </p>
   </div>
   <div class='ocr_carea' id='block_1_7' title="bbox 213 3821 1386 3982">
    <p class='ocr_par' dir='ltr' id='par_1_8' title="bbox 213 3821 1386 3982">
     <span class='ocr_line' id='line_1_32' title="bbox 288 3821 1386 3898; baseline -0.006 -16"><span class='ocrx_word' id='word_1_243' title='bbox 288 3827 308 3894; x_wconf 81' lang='lat'>¹)</span> <span class='ocrx_word' id='word_1_244' title='bbox 327 3829 357 3885; x_wconf 91' lang='lat' dir='ltr'>P.</span> <span class='ocrx_word' id='word_1_245' title='bbox 376 3828 472 3894; x_wconf 81' lang='lat' dir='ltr'>11,3o‚</span> <span class='ocrx_word' id='word_1_246' title='bbox 491 3830 515 3882; x_wconf 88' lang='lat'>3.</span> <span class='ocrx_word' id='word_1_247' title='bbox 556 3827 694 3896; x_wconf 75' lang='lat' dir='ltr'>aristoph.</span> <span class='ocrx_word' id='word_1_248' title='bbox 713 3827 796 3898; x_wconf 81' lang='lat' dir='ltr'>Vesp.</span> <span class='ocrx_word' id='word_1_249' title='bbox 816 3827 868 3880; x_wconf 87' lang='lat'>368</span> <span class='ocrx_word' id='word_1_250' title='bbox 886 3843 943 3894; x_wconf 88' lang='lat' dir='ltr'>sq.:</span> <span class='ocrx_word' id='word_1_251' title='bbox 963 3827 1117 3895; x_wconf 74' lang='grc' dir='ltr'><em>διατραγεῖν</em></span> <span class='ocrx_word' id='word_1_252' title='bbox 1134 3825 1225 3878; x_wconf 80' lang='grc' dir='ltr'><strong><em>τοίνυν</em></strong></span> <span class='ocrx_word' id='word_1_253' title='bbox 1242 3821 1386 3891; x_wconf 75' lang='grc' dir='ltr'><strong><em>κράτιστόν</em></strong></span> 
     </span>
     <span class='ocr_line' id='line_1_33' title="bbox 213 3908 1385 3982; baseline -0.006 -13"><span class='ocrx_word' id='word_1_254' title='bbox 213 3911 269 3970; x_wconf 76' lang='grc' dir='ltr'><strong><em>ἐστι’</em></strong></span> <span class='ocrx_word' id='word_1_255' title='bbox 292 3933 340 3982; x_wconf 87' lang='grc' dir='ltr'>μοι</span> <span class='ocrx_word' id='word_1_256' title='bbox 365 3913 399 3968; x_wconf 85' lang='grc' dir='ltr'>τὸ</span> <span class='ocrx_word' id='word_1_257' title='bbox 424 3915 548 3978; x_wconf 73' lang='grc' dir='ltr'>δίκαιον,</span> <span class='ocrx_word' id='word_1_258' title='bbox 580 3909 598 3982; x_wconf 83' lang='grc' dir='ltr'><em>ἡ</em></span> <span class='ocrx_word' id='word_1_259' title='bbox 626 3911 657 3968; x_wconf 80' lang='grc' dir='ltr'>δέ</span> <span class='ocrx_word' id='word_1_260' title='bbox 681 3932 730 3981; x_wconf 87' lang='grc' dir='ltr'>μοι</span> <span class='ocrx_word' id='word_1_261' title='bbox 757 3914 895 3967; x_wconf 75' lang='grc' dir='ltr'><strong><em>Δίκτυννα</em></strong></span> <span class='ocrx_word' id='word_1_262' title='bbox 920 3911 1078 3982; x_wconf 79' lang='grc' dir='ltr'><strong><em>συγγνώμην</em></strong></span> <span class='ocrx_word' id='word_1_263' title='bbox 1108 3909 1165 3980; x_wconf 72' lang='grc' dir='ltr'><strong><em>ἔχοι</em></strong></span> <span class='ocrx_word' id='word_1_264' title='bbox 1189 3912 1239 3964; x_wconf 79' lang='grc' dir='ltr'>τοῦ</span> <span class='ocrx_word' id='word_1_265' title='bbox 1266 3908 1385 3964; x_wconf 76' lang='grc' dir='ltr'><strong><em>δικτύου.</em></strong></span> 
     </span>
    </p>
   </div>
   <div class='ocr_carea' id='block_1_8' title="bbox 212 4003 1394 4607">
    <p class='ocr_par' dir='ltr' id='par_1_9' title="bbox 213 4003 688 4072">
     <span class='ocr_line' id='line_1_34' title="bbox 213 4003 688 4072; baseline -0.004 -14"><span class='ocrx_word' id='word_1_266' title='bbox 213 4004 247 4058; x_wconf 84' lang='lat' dir='ltr'>cf.</span> <span class='ocrx_word' id='word_1_267' title='bbox 267 4003 395 4069; x_wconf 81' lang='lat' dir='ltr'>Hoeclx,</span> <span class='ocrx_word' id='word_1_268' title='bbox 414 4003 508 4068; x_wconf 76' lang='lat' dir='ltr'>Krete,</span> <span class='ocrx_word' id='word_1_269' title='bbox 527 4003 562 4068; x_wconf 88' lang='grc' dir='ltr'>ΙΙ,</span> <span class='ocrx_word' id='word_1_270' title='bbox 581 4021 609 4072; x_wconf 91' lang='lat' dir='ltr'>p.</span> <span class='ocrx_word' id='word_1_271' title='bbox 630 4004 688 4058; x_wconf 80' lang='lat'>167.</span> 
     </span>
    </p>

    <p class='ocr_par' dir='ltr' id='par_1_10' title="bbox 212 4084 1394 4252">
     <span class='ocr_line' id='line_1_35' title="bbox 291 4084 1394 4159; baseline -0.007 -11"><span class='ocrx_word' id='word_1_272' title='bbox 291 4091 311 4154; x_wconf 76' lang='grc' dir='ltr'>2Ι</span> <span class='ocrx_word' id='word_1_273' title='bbox 331 4093 362 4148; x_wconf 91' lang='lat' dir='ltr'>P.</span> <span class='ocrx_word' id='word_1_274' title='bbox 381 4092 459 4158; x_wconf 89' lang='lat' dir='ltr'>VIII,</span> <span class='ocrx_word' id='word_1_275' title='bbox 485 4093 533 4156; x_wconf 80' lang='lat'>41,</span> <span class='ocrx_word' id='word_1_276' title='bbox 557 4095 586 4147; x_wconf 81' lang='lat'>6:</span> <span class='ocrx_word' id='word_1_277' title='bbox 614 4091 670 4144; x_wconf 75' lang='grc' dir='ltr'>τῶν</span> <span class='ocrx_word' id='word_1_278' title='bbox 690 4086 827 4159; x_wconf 75' lang='grc' dir='ltr'><strong><em>Φιγαλέων</em></strong></span> <span class='ocrx_word' id='word_1_279' title='bbox 851 4088 880 4146; x_wconf 73' lang='grc' dir='ltr'>δὲ</span> <span class='ocrx_word' id='word_1_280' title='bbox 898 4084 1003 4158; x_wconf 80' lang='grc' dir='ltr'><strong><em>ἤκουσα</em></strong></span> <span class='ocrx_word' id='word_1_281' title='bbox 1026 4084 1062 4149; x_wconf 77' lang='grc' dir='ltr'>ὦς</span> <span class='ocrx_word' id='word_1_282' title='bbox 1078 4092 1179 4157; x_wconf 81' lang='grc' dir='ltr'><strong><em>χρυσαῖ</em></strong></span> <span class='ocrx_word' id='word_1_283' title='bbox 1193 4105 1222 4141; x_wconf 81' lang='grc' dir='ltr'>τε</span> <span class='ocrx_word' id='word_1_284' title='bbox 1238 4084 1270 4139; x_wconf 81' lang='grc' dir='ltr'>τὸ</span> <span class='ocrx_word' id='word_1_285' title='bbox 1287 4086 1394 4152; x_wconf 84' lang='grc' dir='ltr'><strong><em>ξόανον·</em></strong></span> 
     </span>
     <span class='ocr_line' id='line_1_36' title="bbox 212 4174 926 4252; baseline -0.003 -17"><span class='ocrx_word' id='word_1_286' title='bbox 212 4180 330 4250; x_wconf 83' lang='lat' dir='ltr'>(Diauee</span> <span class='ocrx_word' id='word_1_287' title='bbox 348 4181 393 4238; x_wconf 84' lang='lat' dir='ltr'>vel</span> <span class='ocrx_word' id='word_1_288' title='bbox 411 4177 598 4252; x_wconf 85' lang='lat' dir='ltr'>Eurynomae)</span> <span class='ocrx_word' id='word_1_289' title='bbox 618 4175 776 4234; x_wconf 78' lang='grc' dir='ltr'><strong><em>συνδέουσιν</em></strong></span> <span class='ocrx_word' id='word_1_290' title='bbox 795 4174 926 4240; x_wconf 77' lang='grc' dir='ltr'><strong><em>ἁλύσεις.</em></strong></span> 
     </span>
    </p>

    <p class='ocr_par' dir='ltr' id='par_1_11' title="bbox 286 4268 1094 4346">
     <span class='ocr_line' id='line_1_37' title="bbox 286 4268 1094 4346; baseline -0.007 -21"><span class='ocrx_word' id='word_1_291' title='bbox 286 4269 306 4337; x_wconf 79' lang='grc'>3)</span> <span class='ocrx_word' id='word_1_292' title='bbox 327 4270 498 4336; x_wconf 84' lang='lat' dir='ltr'>Welcker‚</span> <span class='ocrx_word' id='word_1_293' title='bbox 518 4270 568 4324; x_wconf 85' lang='lat' dir='ltr'>Tb.</span> <span class='ocrx_word' id='word_1_294' title='bbox 588 4269 635 4325; x_wconf 84' lang='lat' dir='ltr'>Gr.</span> <span class='ocrx_word' id='word_1_295' title='bbox 653 4270 674 4336; x_wconf 91' lang='lat' dir='ltr'>l,</span> <span class='ocrx_word' id='word_1_296' title='bbox 693 4288 721 4341; x_wconf 90' lang='lat' dir='ltr'>p.</span> <span class='ocrx_word' id='word_1_297' title='bbox 740 4268 801 4326; x_wconf 83' lang='grc'><strong>584.</strong></span> <span class='ocrx_word' id='word_1_298' title='bbox 1088 4335 1094 4346; x_wconf 37' lang='grc' dir='ltr'>Ι</span> 
     </span>
    </p>

    <p class='ocr_par' dir='ltr' id='par_1_12' title="bbox 213 4353 1386 4505">
     <span class='ocr_line' id='line_1_38' title="bbox 284 4353 1386 4429; baseline -0.008 -14"><span class='ocrx_word' id='word_1_299' title='bbox 284 4357 306 4428; x_wconf 71' lang='lat'>⁴)</span> <span class='ocrx_word' id='word_1_300' title='bbox 325 4360 366 4414; x_wconf 90' lang='lat' dir='ltr'>De</span> <span class='ocrx_word' id='word_1_301' title='bbox 380 4359 445 4415; x_wconf 88' lang='lat' dir='ltr'>Dor.</span> <span class='ocrx_word' id='word_1_302' title='bbox 463 4359 484 4426; x_wconf 88' lang='grc' dir='ltr'>Ι,</span> <span class='ocrx_word' id='word_1_303' title='bbox 503 4377 530 4429; x_wconf 93' lang='lat' dir='ltr'>p.</span> <span class='ocrx_word' id='word_1_304' title='bbox 544 4359 609 4414; x_wconf 77' lang='lat'><strong>373:</strong></span> <span class='ocrx_word' id='word_1_305' title='bbox 629 4357 665 4413; x_wconf 83' lang='lat' dir='ltr'>Es</span> <span class='ocrx_word' id='word_1_306' title='bbox 682 4359 719 4413; x_wconf 84' lang='lat' dir='ltr'>ist</span> <span class='ocrx_word' id='word_1_307' title='bbox 733 4358 822 4413; x_wconf 78' lang='lat' dir='ltr'>demit</span> <span class='ocrx_word' id='word_1_308' title='bbox 841 4358 887 4412; x_wconf 90' lang='lat' dir='ltr'>die</span> <span class='ocrx_word' id='word_1_309' title='bbox 899 4355 1065 4426; x_wconf 74' lang='lat' dir='ltr'>besttndIge</span> <span class='ocrx_word' id='word_1_310' title='bbox 1077 4355 1204 4410; x_wconf 82' lang='lat' dir='ltr'>Aulsicht</span> <span class='ocrx_word' id='word_1_311' title='bbox 1215 4355 1272 4410; x_wconf 88' lang='lat' dir='ltr'>und</span> <span class='ocrx_word' id='word_1_312' title='bbox 1284 4353 1386 4409; x_wconf 86' lang='lat' dir='ltr'>Wacht</span> 
     </span>
     <span class='ocr_line' id='line_1_39' title="bbox 213 4446 1061 4505; baseline -0.006 -1"><span class='ocrx_word' id='word_1_313' title='bbox 213 4450 261 4504; x_wconf 86' lang='lat' dir='ltr'>der</span> <span class='ocrx_word' id='word_1_314' title='bbox 280 4447 408 4505; x_wconf 84' lang='lat' dir='ltr'>Goitheit</span> <span class='ocrx_word' id='word_1_315' title='bbox 427 4448 495 4504; x_wconf 83' lang='lat' dir='ltr'>iiber</span> <span class='ocrx_word' id='word_1_316' title='bbox 513 4450 562 4504; x_wconf 86' lang='lat' dir='ltr'>das</span> <span class='ocrx_word' id='word_1_317' title='bbox 580 4447 770 4504; x_wconf 88' lang='lat' dir='ltr'>mensehliche</span> <span class='ocrx_word' id='word_1_318' title='bbox 790 4447 872 4503; x_wconf 86' lang='lat' dir='ltr'>Thun</span> <span class='ocrx_word' id='word_1_319' title='bbox 890 4446 1061 4502; x_wconf 78' lang='lat' dir='ltr'>bezeichnet.</span> 
     </span>
    </p>

    <p class='ocr_par' dir='ltr' id='par_1_13' title="bbox 286 4535 824 4607">
     <span class='ocr_line' id='line_1_40' title="bbox 286 4535 824 4607; baseline 0.004 -17"><span class='ocrx_word' id='word_1_320' title='bbox 286 4535 307 4604; x_wconf 80' lang='lat'>⁵)</span> <span class='ocrx_word' id='word_1_321' title='bbox 327 4536 412 4594; x_wconf 86' lang='lat' dir='ltr'>Ideen</span> <span class='ocrx_word' id='word_1_322' title='bbox 430 4555 476 4592; x_wconf 81' lang='lat' dir='ltr'>zur</span> <span class='ocrx_word' id='word_1_323' title='bbox 494 4537 673 4607; x_wconf 82' lang='lat' dir='ltr'>Kunetmyth.</span> <span class='ocrx_word' id='word_1_324' title='bbox 692 4536 714 4602; x_wconf 91' lang='lat' dir='ltr'>l,</span> <span class='ocrx_word' id='word_1_325' title='bbox 733 4555 761 4607; x_wconf 90' lang='lat' dir='ltr'>p.</span> <span class='ocrx_word' id='word_1_326' title='bbox 780 4537 824 4592; x_wconf 86' lang='lat'>51.</span> 
     </span>
    </p>
   </div>
   <div class='ocr_carea' id='block_1_9' title="bbox 0 0 1688 5192">
    <p class='ocr_par' dir='ltr' id='par_1_14' title="bbox 0 0 1688 5192">
     <span class='ocr_line' id='line_1_41' title="bbox 0 0 1688 5192; baseline 0 2"><span class='ocrx_word' id='word_1_327' title='bbox 0 0 1688 5192; x_wconf 95' lang='lat' dir='ltr'> </span> 
     </span>
    </p>
   </div>
  </div>
 </body>
</html>
