3367 5192
822 360 864 422 57

259 589 398 636 censere
421 571 497 634 illos
521 589 643 634 novum
666 571 866 653 imposuisse
887 569 965 634 urbi
985 588 1118 652 nomen,
1140 570 1163 633 i.
1178 585 1206 633 e.
1220 568 1430 652 Ephesum.

258 677 300 741 In
323 676 481 741 Semitica
512 678 602 740 enirn
634 677 748 760 lingua
778 683 854 746 nort
883 675 1010 759 (ephes)
1033 675 1124 739 idem
1146 679 1205 757 est,
1234 673 1321 755 quod
1343 672 1429 755 finis,

259 801 345 864 qnae
367 801 434 846 vox
457 783 605 865 exempli
628 783 733 864 gratia
755 782 879 865 legitur
893 783 929 846 in
945 781 1072 846 Psalmi
1094 782 1125 856 2,
1148 801 1180 844 v.
1196 782 1230 859 83
1255 781 1308 859 22,
1330 799 1361 842 v,
1376 779 1429 842 28.

258 889 413 972 Ephesus
428 890 531 972 igitur
545 886 742 969 Babyloniis
765 890 862 969 quasi
883 888 960 952 finis
984 890 1056 951 erat
1077 891 1249 968 terrarum,
1273 885 1430 967 adquam

257 995 466 1060 occidentem
499 1013 616 1058 versus
653 995 821 1078 progressi
858 997 1088 1076 pervenerunt.
1150 989 1254 1054 Tertii
1285 990 1430 1083 denique

257 1121 318 1184 per
344 1121 436 1165 mare
465 1102 639 1184 Aegaeum
665 1101 848 1164 transvecti
873 1098 973 1164 Iones
1000 1098 1214 1179 advenerunt,
1250 1099 1308 1178 qui
1334 1099 1429 1160 iuxta
1521 1113 1525 1120 ·

257 1209 386 1290 priores
409 1207 581 1271 domicilia
608 1205 838 1271 exstruebant

345 1312 496 1377 Historia
527 1312 653 1396 Ephesi
687 1310 780 1375 urbis
816 1309 1009 1374 adumbrata
1041 1311 1110 1373 iam
1144 1309 1227 1372 deae
1260 1307 1430 1390 Ephesiae

256 1423 409 1482 naturam
433 1421 467 1481 et
490 1419 617 1482 cultum
640 1417 743 1481 focile
766 1417 1011 1499 intellegemus.
1057 1415 1192 1482 Incolae
1214 1416 1325 1498 primi,
1348 1431 1430 1505 quos

258 1523 400 1588 Guhlius
422 1523 582 1606 Pelasgos
605 1524 762 1602 nominat,
784 1522 884 1598 deam
907 1522 998 1586 illam
1021 1529 1162 1586 matrem
1176 1520 1429 1601 venerabantur,

258 1649 342 1711 qnae
359 1634 393 1694 et
407 1635 516 1694 terrae
533 1634 568 1693 et
582 1629 689 1692 noctis
701 1629 849 1711 speciem
861 1627 1052 1710 praebebat,
1058 1623 1204 1708 Ἄρτεμις
1217 1627 1431 1706 nominatam,

258 1753 399 1818 cumque
424 1736 483 1798 illa
505 1737 598 1818 regio
622 1736 658 1798 in
683 1734 813 1814 Caystri
836 1734 962 1796 alluvie
986 1751 1110 1814 aquosa
1133 1736 1231 1815 esset,
1254 1733 1296 1796 a'd
1312 1749 1431 1812 aquam

257 1861 323 1905 non
346 1843 456 1906 minus
480 1841 563 1905 deae
585 1842 656 1904 vim
678 1842 846 1923 portinere
870 1836 1098 1922 cogitabant).
1144 1839 1227 1902 (lum
1249 1857 1329 1902 vero
1344 1836 1431 1917 Lydi

258 1948 487 2028 accessissent,
525 1947 696 2010 Asiaticae
733 1947 907 2028 religionis
946 1946 1168 2010 caerimoniae
1206 1943 1431 2010 afferebantur
1529 1986 1533 1996 ‚

257 2057 430 2134 statuaque
468 2052 551 2116 deae
585 2054 658 2134 ipsa
692 2052 841 2116 Asiatico
879 2069 970 2115 more
1000 2050 1159 2130 symbolis
1187 2051 1366 2114 cumulatis
1394 2051 1430 2112 in

256 2163 498 2222 monstruosam
535 2159 629 2221 illam
668 2159 815 2240 speciem
853 2158 950 2238 abiit,
1000 2175 1100 2238 quam
1137 2154 1258 2220 Graeci
1296 2159 1431 2238 propter

256 2267 467 2328 sanctitatem
498 2265 654 2346 imaginis
689 2263 936 2327 conservabant.
981 2261 1080 2326 Iones
1114 2260 1235 2324 deinde
1272 2261 1428 2341 advenae,

257 2373 314 2452 qui
337 2370 590 2434 similitudinem
613 2369 712 2433 huius
736 2370 832 2450 qnasi
855 2369 1077 2451 degeneratae
1104 2366 1188 2430 deae
1212 2370 1247 2429 et
1267 2367 1429 2430 naturalis

256 2479 404 2559 ipsorum
433 2475 560 2539 Dianae
593 2475 738 2540 abnuere
772 2494 839 2538 non
872 2477 1065 2557 potueruut,
1099 2476 1258 2554 tanquam
1285 2473 1430 2554 patrium

256 2587 455 2665 receperunt
482 2586 515 2646 ot
545 2585 824 2645 conservaverunt
850 2580 978 2644 Dianae
1009 2579 1144 2661 cultum,
1172 2580 1230 2660 qui
1256 2597 1364 2659 usque
1392 2577 1430 2638 in

159 2669 162 2676 ⁴
257 2687 458 2751 Graecorum
491 2688 610 2750 ultima
643 2692 792 2770 tempora
825 2687 952 2769 Ephesi
989 2687 1022 2749 in
1059 2686 1311 2768 opulentissima
1346 2683 1429 2748 urbe

259 2793 495 2857 celeberrimus
520 2797 599 2856 erat.

345 2899 505 2962 Eiusdem
527 2900 661 2982 generis
685 2902 783 2980 atque
799 2898 965 2981 Ephesius
980 2896 1107 2962 Dianae
1132 2898 1240 2962 cultus
1256 2895 1298 2958 ad
1318 2896 1429 2959 lacum

257 2999 459 3088 Gygaeum²l
496 3008 575 3085 erat,
609 3006 668 3086 qui
703 3006 914 3068 caerimoniis
947 3003 1136 3068 naturalem
1166 3002 1262 3070 doum
1293 3001 1427 3064 indicat

257 3110 405 3174 Chorsos
429 3112 518 3174 onim
541 3111 737 3194 puellarum,
760 3129 848 3191 quae
870 3111 907 3173 in
927 3109 1009 3173 deae
1026 3110 1183 3174 honorem
1198 3108 1317 3172 diebus
1332 3107 1428 3171 festis

257 3216 431 3296 saltabant,
456 3217 591 3279 calamis
615 3220 749 3280 ornatae
767 3219 862 3280 erant
877 3217 972 3296 quasi
986 3217 1076 3278 veris
1091 3215 1256 3297 primitias
1272 3213 1427 3286 forentes.

344 3321 494 3384 Eandem
517 3324 678 3403 naturam,
702 3340 801 3403 quam
816 3321 972 3404 Ephesia,
996 3314 1116 3387 deindo
1129 3319 1370 3402 Leucophryne
1394 3323 1428 3383 et

255 3424 405 3510 Pergaea
438 3425 545 3488 Diana
583 3422 783 3506 exhibent³),
823 3445 908 3507 quae
942 3426 1093 3488 Asiatica
1126 3426 1239 3509 specie
1274 3444 1428 3508 magnam

256 3536 385 3614 partem
419 3531 554 3596 indutae
590 3535 675 3594 sunt.
742 3530 814 3596 Neo
847 3535 960 3596 tamen
992 3535 1122 3595 tantum
1155 3532 1193 3594 in
1226 3531 1427 3594 Asianorum

259 3637 466 3701 caerimoniis
501 3636 587 3703 hsnc
622 3638 783 3702 naturalis
806 3637 934 3702 Dianae
961 3638 1108 3702 indolem
1137 3637 1426 3721 deprehendimus,

258 3741 316 3805 sed
348 3742 451 3806 etiam
482 3743 519 3805 in
546 3741 748 3808 Graecorum
781 3745 928 3827 ipsorum
961 3744 1077 3825 sacris,
1116 3762 1254 3825 quorum
1283 3743 1429 3825 insignia

258 3850 351 3926 orant
373 3846 500 3912 Dianae
526 3848 719 3929 Caryatidis.
749 3849 924 3932 Nymphae
948 3851 1037 3914 enim
1061 3849 1177 3931 (laryis
1199 3850 1236 3912 in
1258 3847 1426 3912 Laconiae

257 3952 412 4035 oppidulo
434 3971 511 4020 cum
533 3953 661 4018 Dianae
690 3955 782 4020 cultu
810 3956 1006 4020 coniunctae
1036 3960 1140 4036 eraut,
1167 3955 1425 4034 saltationesque

331 4142 351 4211 ¹)
371 4143 406 4199 cf·
424 4145 597 4212 Guhlium,
616 4165 643 4218 p.
663 4145 698 4200 84
715 4163 785 4214 sqq,
810 4148 859 4216 qui
876 4150 972 4202 tamen
989 4147 1060 4201 false
1082 4146 1118 4200 ab
1142 4145 1295 4201 Arcadibus
1321 4146 1426 4201 colonis

257 4231 328 4286 hane
347 4233 415 4288 deae
432 4236 561 4290 naturam
580 4234 746 4289 descendere
764 4239 854 4305 putat.

329 4317 352 4386 ²)
371 4321 406 4377 cf.
415 4321 446 4374 E.
455 4321 607 4391 Curtius,
620 4323 750 4378 Archtol.
759 4321 855 4392 Zaitg,
867 4321 914 4388 Xl,
925 4323 1002 4388 1853,
1014 4339 1042 4391 p.
1054 4321 1105 4379 148
1116 4339 1178 4391 sqq·
1199 4321 1234 4378 ol.
1246 4322 1423 4391 Stephani,

257 4406 335 4464 Ocni.
352 4409 439 4475 rond,
459 4409 536 4477 1865,
555 4430 582 4481 p.
601 4412 644 4467 28.

331 4493 352 4563 ³)
372 4497 406 4553 ci.
426 4497 575 4566 Prollor,
594 4499 684 4568 Myth.
703 4497 749 4553 Gr.
768 4499 790 4562 Ι,
809 4517 836 4570 p.
855 4499 907 4554 255
925 4516 966 4566 sq.
