3367 5192
840 339 883 402 34

272 567 294 608 ν
318 548 370 610 61.
415 546 561 612 Latonae
588 548 694 612 filiam
723 550 778 613 vel
806 550 975 633 Apollinis
1003 569 1161 613 sororem:
1188 550 1221 611 E
1241 553 1321 629 447,
1353 551 1383 612 Y
1403 553 1444 614 71

272 652 326 734 (cf.
351 651 414 736 39),
440 653 472 712 Φ
493 656 569 737 479,
593 655 666 738 504,
685 655 719 716 Ω
742 655 806 719 605
832 675 880 738 sq.
904 693 947 704 —
969 675 990 717 ο
1012 657 1088 738 411,
1112 657 1128 732 ζ
1151 657 1223 720 106.

362 760 578 824 Accuratiore
593 762 661 825 ianr
675 781 754 826 vero
771 762 995 846 disputatione
1011 763 1053 826 de
1068 761 1222 826 versibus
1239 761 1270 822 Φ
1285 764 1441 827 481-88

275 883 357 948 opus
381 853 440 948 est,
466 867 584 948 quibus
600 866 727 932 Dianae
751 869 863 933 officia
876 871 1056 952 praecipua
1070 870 1158 932 inter
1173 888 1210 932 se
1227 874 1444 952 opponuntur.

271 971 437 1036 Homerus
467 975 556 1037 enim
578 972 739 1038 Iunonem
767 975 848 1039 facit
876 977 913 1038 in
944 975 1155 1040 theomachia
1182 976 1377 1056 gravissime
1407 977 1444 1039 in

272 1077 413 1141 Dianam
436 1078 668 1142 insultantem:

374 1282 560 1367 στήσεσθαι,
582 1282 700 1368 χαλεπή
723 1307 773 1349 τοι
795 1281 857 1368 ἐγώ
880 1281 976 1367 μένος
998 1281 1236 1367 ἀντιφέρεσθαι,

375 1384 545 1474 τοξοφόρῳ
568 1409 627 1468 περ
651 1384 757 1473 ἐούσῃ,
781 1385 848 1452 ίιιιί
869 1403 904 1451 σε
927 1383 1040 1450 λέοντα
1061 1386 1209 1469 γυναιξίν

378 1486 460 1564 Ζεὺς
480 1493 592 1574 θῆκεν,
614 1489 668 1555 καὶ
690 1487 788 1554 ίᾶοικε
810 1488 1013 1571 κατακτάμεν
1034 1487 1077 1573 ἥν
1099 1500 1127 1553 κ’
1148 1487 1315 1576 ἐθέλῃσθα,

362 1593 489 1659 Dianae
517 1598 619 1679 igitur
648 1616 776 1660 summa
803 1598 839 1659 in
872 1614 988 1660 omnes
1021 1597 1164 1660 feminas
1190 1599 1361 1679 pertinens
1390 1600 1445 1662 vis

275 1699 432 1764 tribuitur
448 1721 467 1764 a
482 1699 563 1765 Iove
586 1705 657 1785 ipso
681 1709 839 1766 concessa
855 1706 889 1764 et
903 1704 1091 1786 perniciosa
1106 1703 1251 1784 quidem,
1274 1722 1349 1767 cum
1364 1705 1450 1767 anti·

277 1808 435 1889 quissimo
474 1826 626 1871 sermone
659 1805 825 1871 Homerus
865 1827 946 1872 usus
985 1809 1137 1872 leaenam
1173 1827 1246 1872 eam
1281 1810 1376 1889 quasi
1408 1811 1446 1871 in

275 1913 418 1976 feminas
442 1931 516 1977 esse
539 1901 665 1976 factam
685 1913 782 1976 dicat.
819 1912 860 1976 In
882 1914 1035 1978 versibus
1051 1920 1164 1978 antem
1179 1915 1237 1995 qui
1253 1918 1446 1995 sequuntur,

273 2011 346 2097 ἤτοι
365 2011 513 2098 βέλτερόν
528 2012 592 2079 ἐστι
605 2010 672 2079 κατ’
689 2011 788 2098 οὔρεα
802 2019 909 2099 θῆρας
924 2013 1062 2097 ἐναίρειν
1077 2011 1250 2099 ἀγροτέρας
1263 2011 1290 2079 τ’
1306 2011 1448 2097 ἐλάφους

275 2113 299 2201 ἢ
321 2120 501 2201 κρείσσοσιν
523 2113 574 2199 ίφι
595 2116 752 2202 μάχεσθαι
774 2120 901 2186 Dianae
925 2123 1058 2185 venatio
1081 2121 1336 2202 commendatur,
1364 2140 1448 2202 quae

275 2232 390 2310 postea
413 2227 453 2290 ab
477 2227 629 2291 omnibus
652 2228 760 2309 poetis
783 2229 879 2310 quasi
908 2229 981 2291 eius
1004 2248 1133 2292 summa
1155 2248 1209 2292 ars
1232 2248 1272 2294 ac
1293 2228 1445 2310 voluptas

276 2333 483 2397 describitur.
522 2332 577 2397 Sic
599 2331 764 2396 Homerus
785 2331 913 2398 Dianae
937 2335 1028 2398 illam
1050 2336 1271 2418 perniciosam
1293 2339 1445 2398 naturam
1495 2328 1499 2338 '

276 2459 475 2522 quamquam
502 2441 591 2504 haud
623 2441 779 2523 denegat,
808 2441 949 2523 probare
982 2460 1046 2504 non
1075 2439 1221 2522 videtur,
1253 2441 1340 2503 hanc
1366 2458 1446 2502 vero

275 2548 481 2610 venatoriam
503 2547 624 2630 laudat,
649 2550 770 2631 quippe
795 2567 880 2629 quae
895 2547 1023 2611 Dianae
1048 2548 1157 2630 aptior
1180 2549 1231 2610 sit.
1270 2547 1353 2610 Cum
1367 2565 1446 2609 vero

275 2661 391 2722 notum
413 2656 457 2718 sit
472 2653 674 2718 Graecorum
697 2655 737 2719 de
754 2655 818 2718 diis
835 2655 1017 2719 sententias
1033 2653 1229 2736 plerumque
1245 2653 1285 2717 ab
1301 2651 1446 2717 Homero

277 2763 434 2826 formatas
458 2780 540 2841 esse,
565 2762 665 2824 etiam
689 2761 774 2823 hauc
789 2759 919 2824 Dianae
940 2760 1073 2823 laudem
1088 2761 1194 2842 primo
1211 2759 1252 2823 ab
1269 2777 1308 2823 eo
1324 2758 1447 2822 dietam

278 2887 351 2933 asse
373 2867 558 2931 verisimile
582 2870 640 2929 est.
686 2866 739 2928 Ab
763 2865 903 2930 Homeri
930 2869 1033 2948 igitur
1059 2866 1264 2949 temporibus
1287 2863 1448 2928 naturalis

278 2976 404 3038 Dianae
426 2974 518 3034 notio
540 2973 575 3033 in
599 2971 671 3033 dies
695 2972 800 3050 magis
826 2973 970 3052 evanuit,
995 2991 1060 3051 qua
1082 2973 1118 3034 in
1133 2991 1170 3035 re
1184 2970 1322 3034 Iunonis
1338 2971 1447 3033 cultus

277 3080 436 3162 paulatim
466 3075 679 3140 efflorescens
708 3077 818 3156 magni
850 3080 922 3137 erat
950 3077 1117 3138 momenti.
1168 3073 1331 3138 Iunonem
1360 3078 1448 3140 enim

278 3185 405 3248 Dianae
432 3185 467 3245 in
495 3183 605 3246 locum
632 3182 833 3244 successisse
858 3200 957 3263 supra
980 3181 1285 3244 domonstravimus.
1330 3180 1448 3264 Itaque

278 3291 367 3354 haud
389 3289 575 3353 inconsulto
589 3287 754 3351 Homerus
777 3287 837 3350 illa
859 3287 962 3351 verba
982 3286 1126 3350 lunoni
1149 3287 1342 3351 attribuisse
1364 3288 1448 3351 mihi

279 3397 424 3478 videtur,
463 3415 537 3458 cum
573 3397 609 3458 in
637 3395 848 3457 theomachia
877 3393 1095 3457 describenda
1121 3391 1248 3456 Dianae
1276 3394 1362 3456 alius
1391 3393 1448 3456 dei

281 3503 467 3586 opponendi
491 3503 619 3564 occasio
643 3501 719 3563 data
742 3504 840 3564 esset.
886 3498 1003 3581 Neque
1028 3501 1057 3562 si
1080 3500 1253 3581 religionis
1276 3483 1449 3562 historiam

280 3610 450 3701 respicias,
473 3609 568 3690 parvi
583 3606 776 3670 aestimabis
793 3608 967 3686 sequentia
982 3605 1085 3669 verba
1100 3626 1130 3668 v.
1146 3607 1210 3669 487
1218 3627 1224 3668 :
1249 3602 1276 3666 εί
1291 3597 1319 3664 d’
1335 3597 1452 3674 ἐθέλεις

195 3794 199 3802 ¹
279 3708 430 3795 πολέμοιο
452 3708 614 3794 δαήμεναι,
642 3705 716 3792 ὄφρ’
746 3699 784 3774 εὖ
811 3710 905 3795 εἰδῇς,
934 3706 1036 3773 ὅσσον
1064 3705 1203 3792 φερτέρη
1230 3703 1297 3792 εἴμ’,
1326 3702 1374 3770 ὅτι
1395 3727 1451 3788 μοι

279 3813 374 3898 μένος
397 3810 612 3898 ἀντιφερίζεις,
646 3815 766 3897 quibus
795 3817 878 3879 haec
902 3816 943 3879 de
966 3814 1103 3878 lunonis
1127 3815 1350 3879 dominatione
1374 3834 1449 3878 sen·

280 3925 384 3986 tentia
409 3924 498 3986 clare
521 3923 760 4004 pronuntiatur.

368 4028 521 4110 Denique
551 4030 588 4091 in
616 4027 762 4091 Homero
792 4027 970 4090 observare
1000 4026 1081 4089 licet
1109 4026 1201 4088 nullo
1224 4027 1296 4089 loco
1320 4025 1448 4090 Dianae

280 4135 507 4217 virginitatem
536 4133 677 4215 copiosis
703 4132 816 4196 verbis
845 4131 983 4211 laudari,
1015 4150 1214 4213 quamquam
1241 4133 1277 4194 in
1301 4130 1450 4213 Odyssea

279 4245 332 4304 ter
355 4230 437 4320 ἁγνή
453 4239 575 4302 dicitur
591 4241 728 4320 eiusque
744 4238 973 4302 nobilissimus
991 4237 1127 4301 habitus
1144 4242 1178 4301 et
1192 4237 1450 4302 formosissimus

282 4350 435 4410 accurate
463 4346 661 4409 describitur
689 4345 913 4425 ζ102-108,
944 4344 1002 4408 ubi
1036 4345 1199 4408 castitatis
1229 4363 1358 4424 quoque
1382 4345 1452 4407 lau·

282 4451 409 4515 dandae
443 4453 572 4514 occasio
610 4455 688 4532 erat,
725 4469 799 4514 cum
834 4452 906 4534 ipso
941 4469 1040 4514 versu
1073 4452 1262 4530 insequenti
1301 4449 1342 4529 (v.
1375 4448 1451 4529 109)
