3367 5192
860 379 903 443 22

279 611 406 681 nequo
439 593 665 677 generationis
699 592 889 677 praesidem
922 591 1023 656 simul
1056 592 1157 654 lunae
1192 590 1361 656 dominam
1396 609 1470 657 esse

295 715 435 765 neeesse
459 704 523 783 est,
553 717 619 783 qua
641 699 685 764 de
706 718 743 764 re
765 699 855 762 infra
877 697 1063 782 disputabo.
1109 695 1204 772 Quod
1226 715 1306 762 voro
1328 697 1471 762 Dianam

296 808 502 872 venatricem
526 806 567 870 de
589 804 714 887 Diana,
747 825 846 889 quam
869 805 1022 888 erodunt,
1046 805 1146 868 lunae
1170 802 1389 868 moderatrice
1413 823 1472 868 ex-

298 914 425 978 stitisse
448 912 577 996 docent,
601 913 702 976 huius
723 913 773 976 rei
797 929 897 994 quam
916 912 1028 976 debile
1044 913 1090 975 sit
1105 914 1345 994 argumentum,
1369 911 1470 975 facile

298 1019 406 1083 cuivis
428 1019 627 1102 intellegere
651 1019 742 1084 licet.
786 1017 872 1082 Nam
896 1018 983 1101 quod
997 1017 1106 1082 Diana
1129 1019 1269 1101 sagittas
1291 1036 1471 1099 arcumque

235 1169 239 1178 ·
298 1126 472 1209 gessisset,
503 1144 588 1207 quae
618 1125 716 1189 lunae
749 1125 901 1206 symbola
929 1124 1086 1206 finissent,
1117 1142 1163 1188 ex
1192 1142 1232 1188 eo
1254 1124 1350 1188 illam
1372 1143 1472 1188 vena-

296 1233 416 1296 tricem
439 1235 473 1296 et
495 1233 684 1296 venationis
706 1231 897 1316 praesidem
918 1233 1072 1295 evenisse
1093 1231 1257 1315 colligunt
1279 1231 1330 1310 (V.
1353 1229 1471 1306 Lauer.

297 1338 362 1402 ll.
385 1359 415 1422 p.
432 1336 518 1419 209).
570 1337 736 1420 Equidem
768 1339 810 1403 de
837 1339 1012 1422 religionis
1040 1335 1188 1400 Graecae
1217 1338 1345 1420 origine
1374 1338 1472 1402 ahter

298 1446 414 1508 sentio.
460 1441 578 1525 Itaque
598 1442 741 1508 Dianam
763 1445 917 1508 limarem
940 1444 1036 1507 deam
1060 1444 1244 1524 antiquitus
1268 1443 1373 1508 fuisse
1397 1463 1472 1508 oon-

300 1550 419 1614 cedere
449 1569 516 1613 non
548 1563 701 1633 possum:
734 1554 848 1614 tamen
878 1551 915 1614 in
946 1570 987 1614 ea
1018 1551 1135 1614 lunare
1167 1549 1324 1631 quiddam
1353 1552 1472 1615 inerat.

297 1653 395 1719 Luna
418 1657 508 1720 enim
531 1657 720 1736 symbolum
741 1659 851 1722 noctis
875 1657 1074 1737 habebatur,
1105 1674 1174 1721 nox
1203 1675 1283 1719 vero
1313 1660 1347 1720 ct
1372 1661 1473 1740 terra,

301 1781 399 1844 quam
430 1762 543 1826 divina
571 1763 769 1845 procreandi
801 1762 960 1827 facultate
992 1763 1178 1847 praeditam
1209 1762 1400 1845 cogitabant
1429 1782 1473 1826 ex

298 1872 453 1932 veterum
480 1870 648 1932 sententia
674 1887 741 1933 non
770 1869 952 1934 dissimiles
981 1873 1089 1953 erant,
1123 1887 1200 1933 cnm
1228 1873 1369 1950 utraque
1399 1867 1473 1933 Iovi

298 1976 322 2040 i.
359 1993 387 2038 e.
427 1975 519 2038 caelo
558 1993 663 2056 aeque
702 1976 853 2058 opposita
891 1993 965 2039 esse
1003 1977 1162 2057 sinusque
1195 1978 1306 2038 terrae
1341 1993 1473 2058 semper

298 2081 508 2148 tenebricosa
530 2081 671 2162 quadam
693 2084 790 2145 nocte
814 2083 957 2165 opprimi
979 2083 1158 2146 videretur.
1386 2164 1391 2172 ι

389 2185 542 2269 Denique
566 2188 733 2271 Apollinis
758 2189 901 2252 solarem
928 2191 1081 2251 naturam
1110 2205 1185 2251 cum
1207 2185 1337 2249 Dianae
1363 2187 1473 2249 lunari

301 2293 451 2382 conferre
475 2293 585 2357 solent
605 2295 790 2379 mythologi
797 2291 818 2376 1)
841 2298 881 2358 ut
902 2294 1122 2377 principalem
1136 2294 1311 2375 utriusque
1326 2293 1473 2356 numinis

299 2403 453 2462 natrrram
476 2399 615 2464 alterius
638 2401 859 2464 similitudine
883 2400 1063 2484 explicent.
1109 2397 1175 2464 Sed
1197 2399 1324 2462 Dianae
1348 2399 1474 2462 formae

302 2506 410 2589 ipsae,
440 2523 524 2586 quae
556 2505 596 2569 ad
626 2507 777 2571 lunarem
804 2511 957 2572 naturam
984 2506 1121 2588 propius
1145 2524 1243 2586 quam
1267 2509 1399 2569 ceterae
1423 2523 1475 2568 ae·

301 2611 438 2693 cedunt,
461 2611 555 2674 velut
579 2612 756 2696 Καλλίστη,
780 2613 950 2678 Arcadum
973 2611 1049 2695 dea,
1077 2613 1114 2674 in
1137 2611 1259 2675 fabulis
1282 2612 1375 2675 nullo
1399 2629 1473 2694 cog·

299 2719 444 2782 nationis
467 2717 603 2782 vinculo
628 2737 704 2783 cum
719 2719 878 2803 Apolline
901 2719 1110 2782 consociatae
1126 2722 1211 2781 sunt.
1250 2717 1371 2799 Itaque
1387 2719 1472 2781 hane

301 2813 437 2888 deorum
479 2823 763 2888 necessitudinem
805 2844 873 2889 non
916 2842 959 2887 ex
1002 2825 1235 2906 antiquissima
1272 2823 1473 2889 Graecorum

300 2929 474 3012 religione,
498 2927 557 2992 sed
582 2947 600 2991 e
622 2933 793 3012 poetarum
818 2933 955 3014 ingenio
978 2930 1160 3013 profectam
1186 2949 1261 2994 esse
1286 2949 1415 2994 censeo.

392 3034 475 3098 (lum
490 3053 570 3098 vero
593 3035 748 3100 nonnulli
770 3037 857 3102 bene
872 3037 1122 3100 intellexissent
1136 3055 1202 3099 non
1218 3055 1332 3100 omnes
1347 3035 1476 3100 Dianae

302 3141 445 3204 virtutes
480 3159 499 3204 e
538 3140 658 3225 lunari,
699 3161 799 3224 quam
837 3146 870 3207 ei
904 3143 1147 3221 attribuebant,
1175 3141 1333 3204 'derivari
1368 3160 1475 3224 posse,

303 3246 416 3330 plures
439 3247 644 3330 principales
666 3247 794 3312 Dianae
822 3253 958 3313 naturas
986 3252 1186 3330 statuerunt,
1215 3266 1299 3329 quae
1327 3249 1415 3311 iuter
1439 3265 1476 3311 se

304 3351 489 3435 differrent,
517 3353 554 3416 id
581 3353 666 3435 quod
691 3373 766 3418 cum
790 3372 911 3418 nomen
934 3374 1037 3418 unum
1060 3354 1163 3418 fuerit
1185 3355 1258 3418 iure
1281 3353 1355 3419 fieri
1377 3371 1475 3437 posse

302 3459 370 3522 iam
400 3461 605 3544 negavimus.
663 3458 800 3526 Stellius
835 3461 971 3544 (Pauly,
999 3459 1362 3543 Real·Eneyclopttdie
1391 3479 1415 3523 s.
1445 3479 1475 3522 v.

303 3564 465 3648 Artemis)
490 3563 653 3630 Graecam
681 3569 715 3630 et
736 3565 947 3650 Pelasgioam
970 3567 1112 3630 Dianam
1140 3566 1307 3647 distinxit,
1338 3583 1477 3646 quarum

302 3673 363 3736 illa
396 3673 566 3736 hominum
602 3675 636 3736 et
668 3673 863 3737 animalium
893 3675 1000 3736 tutrix
1027 3673 1218 3754 lantrixque
1247 3676 1282 3735 et
1309 3670 1477 3754 Apollinis

304 3797 397 3843 soror
419 3779 610 3858 haberetur,
635 3779 718 3843 haee
740 3783 778 3843 ut
801 3780 901 3844 lunae
924 3779 1001 3861 dea,
1026 3797 1110 3860 quae
1134 3797 1288 3862 agrorum
1310 3777 1479 3842 fertilitati

302 3885 501 3969 provideret,
525 3886 561 3948 in
575 3885 722 3949 Arcadia
738 3886 827 3949 culta
847 3889 942 3949 esset.
985 3883 1114 3948 Deinde
1130 3884 1338 3968 Hartungius
1363 3881 1477 3965 (hyan

304 3989 358 4056 Gr.
382 3990 448 4075 III,
478 4011 509 4074 p.
527 3993 591 4055 151
619 3991 701 4074 sqq.)
747 3990 910 4068 Graecam
936 3990 1092 4071 Dianam,
1127 4010 1226 4073 quam
1257 3989 1479 4073 nympharum

305 4098 400 4179 quasi
422 4098 573 4180 reginam
599 4116 673 4162 esse
695 4101 799 4182 putat,
824 4098 968 4161 alunari
988 4097 1051 4161 dea
1066 4097 1211 4160 alienam
1226 4098 1355 4160 statuit:
1378 4093 1479 4159 simul

305 4221 350 4267 er
382 4203 534 4269 Asiatica
570 4203 735 4286 religiono
770 4202 972 4269 Graecorum
1007 4202 1150 4267 Dianam
1184 4205 1391 4267 Amazonum
1423 4198 1479 4262 vel

303 4305 537 4390 Walcyrarum
560 4313 714 4374 naturam
736 4309 886 4374 induisse
900 4314 1022 4392 monet,
1045 4328 1111 4391 qna
1126 4311 1214 4373 inre
1230 4313 1321 4373 certe
1337 4307 1479 4371 Dianam

379 4531 400 4605 ¹)
419 4535 452 4590 V.
472 4535 504 4592 G.
523 4535 705 4600 Hermann,
731 4535 782 4606 Op.
801 4552 842 4592 ac.
861 4537 925 4600 Vll,
946 4555 974 4607 p.
992 4534 1045 4592 285
1064 4551 1104 4604 sq.
1136 4535 1257 4591 Laueri
1274 4533 1355 4603 Syst,
1373 4551 1401 4603 p.
1418 4533 1480 4588 255.
