3367 5192
783 353 825 416 63

308 561 439 626 Deinde
463 563 498 625 in
521 561 779 646 Leucophryuos
802 568 935 628 tomono
956 582 1059 648 prope
1073 562 1280 646 Magnesiam
1295 564 1387 628 laous

217 667 353 750 tepidae
378 685 481 748 aquas
505 664 605 748 erat¹)
630 673 663 732 et
687 667 981 751 Thermopylarum
1003 669 1084 733 litus
1104 669 1232 733 Dianae
1255 688 1388 734 sacrum

218 773 323 838 fuisse
357 771 537 855 Sophocles
570 774 667 837 testis
702 777 754 837 est
786 774 824 837 iu
857 772 1009 838 Trachin.
1042 793 1073 837 τ.
1108 776 1187 839 635-
1201 794 1271 857 sqq.
1305 776 1388 839 haeo

218 880 361 943 loeutus:
528 925 535 939 .
557 927 565 941 .
588 928 595 940 .
619 875 656 940 οἵ
672 897 705 940 τε
726 872 847 959 μέσσαν

525 979 660 1064 Μηλίδα
681 974 747 1061 πὰρ
769 980 886 1061 λίμναν

525 1079 770 1164 χρυσαλακάτου
794 1077 817 1145 τ’
841 1078 943 1147 ἀκτὰν
964 1078 1073 1164 κόρας,

525 1181 593 1248 ἔνθ’
611 1178 775 1248 Ἐλλάνον
797 1179 914 1266 ἀγοραὶ

524 1285 703 1362 Πυλάτιδες
724 1281 880 1353 κλέονται.

308 1408 462 1492 Denique
485 1429 587 1494 propo
609 1409 796 1494 Phigaliam
819 1412 856 1474 in
874 1410 1031 1492 moedis,
1053 1409 1112 1474 ubi
1136 1410 1389 1474 celeberrimum

216 1514 353 1599 Dianae,
385 1535 470 1598 quae
492 1517 731 1596 Eurynome
758 1516 999 1597 nominabatur,
1028 1515 1143 1579 fanum
1172 1522 1251 1599 erat7
1283 1517 1389 1600 tepidi

217 1623 327 1686 fontes
345 1626 379 1686 at
393 1621 533 1686 balneae
550 1617 683 1704 erana),
707 1640 808 1702 quare
826 1624 927 1686 etiam
941 1622 1031 1685 huno
1045 1623 1249 1706 singularem
1263 1623 1390 1686 cultum

217 1727 390 1792 inDianae
401 1728 563 1793 naturalis
576 1727 658 1792 deae
670 1727 867 1810 religionem
878 1727 1039 1792 fataillime
1050 1729 1200 1793 inserere
1204 1746 1388 1812 possumus.

218 1831 469 1917 Obstupueram
491 1834 686 1917 plerumque
708 1834 774 1896 viri
797 1833 888 1897 dooti
908 1834 945 1896 in
960 1851 1009 1915 eo,
1033 1834 1121 1914 quod
1135 1835 1268 1918 signum
1282 1834 1390 1914 Eury·

216 1958 337 2004 nomae
366 1941 503 2004 minime
527 1938 654 2005 Graeco
683 1957 775 2003 more
806 1939 1045 2004 conformatum
1072 1945 1169 2022 esset,
1198 1959 1274 2003 oum
1302 1940 1389 2004 infra

216 2047 318 2129 pisois
346 2047 526 2128 imaginem
558 2045 734 2128 praeberet
768 2046 880 2110 aureis
911 2046 1055 2110 viuoulis
1084 2042 1388 2130 circumligatam).

217 2149 428 2233 Quamquam
450 2152 532 2216 bueo
556 2152 685 2234 speeies
709 2151 750 2215 ab
773 2152 897 2215 usitata
918 2150 1045 2214 Dianae
1074 2152 1180 2215 forma
1206 2152 1305 2216 valde
1332 2152 1389 2216 ab·

216 2258 342 2339 horret,
378 2256 465 2338 quod
495 2258 563 2319 iam
595 2255 779 2321 Pausanias
814 2257 996 2338 adnotavit,
1033 2261 1147 2320 tamon
1177 2260 1388 2340 peregrinam

217 2364 319 2427 totius
352 2362 460 2426 oultus
488 2363 660 2445 originem,
690 2381 765 2426 oum
794 2366 912 2425 natura
938 2361 1021 2425 deae
1051 2369 1085 2426 et
1110 2381 1231 2426 nomen
1260 2362 1387 2427 Dianae

217 2487 279 2550 par
302 2464 385 2548 siff),
407 2467 547 2550 probare
571 2485 638 2530 non
659 2462 873 2551 possumusl).
917 2464 958 2528 Id
977 2469 1106 2529 tantum
1130 2466 1268 2530 oonaedi
1290 2486 1388 2550 posse

215 2573 348 2638 videtur
372 2574 503 2656 signum
526 2572 612 2636 deae
635 2572 788 2636 mirabile
812 2573 922 2635 alieno
946 2590 965 2635 e
988 2571 1081 2635 cultu
1100 2577 1272 2656 receptum
1287 2592 1389 2655 quon·

217 2679 291 2742 dam
330 2674 434 2759 esso⁶)
472 2679 543 2741 siva
577 2677 707 2742 Gratioo
743 2679 814 2742 sive
847 2678 1006 2741 Asiatico.
1055 2675 1097 2740 Iu
1131 2679 1262 2742 Cretico
1298 2681 1388 2743 enim

216 2783 421 2865 Dictynnam
444 2784 588 2847 similem
612 2785 759 2867 speeiem
783 2785 965 2866 antiquitus
985 2783 1180 2868 praebuisse
1204 2790 1238 2848 ot
1266 2803 1388 2849 nomeu

218 2894 253 2953 et
287 2885 450 2970 fabulae⁷)
484 2908 544 2953 nos
579 2890 698 2954 dooere
732 2895 878 2974 possunt.
927 2889 1027 2973 Apud
1055 2887 1241 2954 Phoenioos
1277 2896 1389 2955 autem

216 2996 372 3059 similiter
396 2995 598 3060 conformata
622 2999 694 3059 erat
715 2996 779 3059 dea
800 2995 962 3070 Dercetis,
990 3014 1077 3076 quae
1104 3015 1204 3079 supra
1233 2996 1387 3079 feminae,

220 3101 308 3164 infra
329 3103 432 3186 pisois
456 3103 603 3185 speeiem
618 3102 778 3184 praebere
793 3103 977 3186 putabatur.
1022 3102 1140 3185 Itaque
1155 3103 1238 3168 deae
1254 3105 1387 3188 signum

290 3344 311 3412 ¹)
331 3345 458 3414 Xenoph.
477 3346 551 3402 Hell.
569 3345 619 3411 111,
637 3346 663 3402 2.
682 3345 724 3400 19.

289 3431 311 3499 ²-)
329 3433 360 3487 P.
380 3433 454 3499 VIII,
472 3432 515 3497 41,
533 3435 564 3488 λε
590 3433 720 3496 montore
741 3431 771 3488 di
794 3429 859 3487 ὅσον
882 3432 987 3487 δώδεκα
1005 3429 1132 3501 ἀνωτέρω
1152 3434 1280 3503 Φιγαλίας
1297 3435 1389 3505 θερμά

215 3517 245 3575 τέ
265 3517 321 3574 ἐστι
342 3517 455 3588 λουτρά,
478 3517 646 3572 καὶτούτων
668 3513 702 3572 oo’r
720 3516 815 3587 πόρρω
832 3517 952 3573 κάτεισιν
974 3513 990 3571 ὁ
1008 3517 1105 3587 Λύμαξ
1128 3516 1156 3581 ἐς
1171 3517 1223 3590 τὴν
1242 3520 1347 3576 Νέδαν·
1370 3515 1388 3591 ᾗ

216 3602 246 3659 δὲ
271 3602 451 3675 συμβάλλουσι
476 3601 511 3658 τὰ
537 3602 673 3672 ῥεύματα,
700 3601 755 3658 ἔστι
774 3605 823 3672 τῆς
847 3600 1011 3673 Εὐρυνόμης
1035 3603 1067 3658 τὸ
1090 3605 1172 3674 ἱερόν,
1200 3602 1280 3674 ἅγιόν
1306 3627 1335 3662 τε
1359 3605 1389 3661 ἐκ

215 3693 334 3745 παλαιοῦ
354 3695 383 3747 et
401 3708 428 3759 q.
446 3708 503 3760 seq.

289 3777 310 3847 3)
329 3780 360 3833 Ρ.
378 3779 453 3846 Vlll,
472 3779 516 3843 41,
535 3779 560 3834 6.

287 3864 310 3932 4)
327 3866 523 3938 (inpressorum
541 3867 618 3921 loeas
636 3866 811 3921 densissimus
829 3869 904 3922 eirea
921 3867 1017 3922 lanum
1034 3873 1103 3924 arat.

289 3951 311 4021 5)
330 3954 364 4010 of.
383 3954 500 4021 δαιτὶ,
524 3953 610 4023 Gaza,
633 3972 661 4024 p.
680 3953 741 4010 290.
778 3956 813 4010 af.
834 3956 1156 4024 prosterneremur,
1181 3959 1328 4028 symbolik
1352 3961 1388 4027 11,

214 4058 242 4112 p.
262 4041 322 4096 583.
359 4041 514 4109 Lobeolr‚
533 4042 673 4112 Aglaopb.
692 4060 720 4112 p.
739 4042 800 4097 398.
836 4042 1004 4109 Woloker,
1023 4045 1043 4098 1.
1062 4045 1246 4116 ulyssea

288 4126 309 4196 ⁶)
326 4129 501 4186 Berolinonsi
523 4131 554 4184 in
578 4145 673 4186 museo
696 4145 838 4200 gemmam
861 4131 919 4185 vidi
942 4148 1032 4202 nuper
1049 4133 1183 4188 adscitam
1201 4136 1293 4199 (catal.
1312 4156 1389 4194 num.

215 4235 272 4273 non
290 4216 369 4286 logi),
388 4235 460 4286 quaa
478 4220 551 4273 bana
569 4219 756 4287 Eurynomam
775 4218 906 4274 exhibere
930 4220 999 4273 mihi
1024 4221 1140 4275 videtur.
1177 4222 1293 4280 Femina
1311 4228 1388 4281 enim

214 4309 332 4374 apparet
357 4306 476 4361 vinculis
501 4307 694 4376 circumligata
719 4306 750 4360 iu
774 4307 879 4376 piscem
903 4322 1000 4377 eorpus
1024 4307 1167 4371 desinens.
1194 4326 1265 4377 quae
1290 4315 1388 4370 dextra

213 4390 367 4461 λαγωβόλον
384 4394 571 4465 amplectitur,
590 4395 664 4461 quod
681 4395 753 4449 nihil
770 4395 824 4450 nisi
842 4395 949 4450 Dianae
966 4396 1124 4464 symbolum
1143 4413 1201 4453 aoso
1218 4402 1319 4468 potest.

289 4477 310 4546 ⁷)
328 4479 360 4533 P.
378 4479 413 4546 ΙΙ,
432 4482 476 4545 30,
494 4481 520 4536 3.
546 4480 667 4537 =Oallim.
685 4481 721 4539 Η.
739 4484 769 4538 in
788 4483 869 4539 Dian.
887 4500 914 4539 v.
934 4481 983 4538 189
1002 4501 1064 4553 sqq.
