3367 5192
780 382 822 444 ’19

218 593 310 654 sunt:
351 589 459 654 basim
496 609 577 654 vero
615 609 705 654 aram
743 591 825 656 deae
865 609 939 656 esse
977 608 1106 656 censeo.
1165 587 1281 671 Neque
1324 591 1393 652 iam

214 695 415 776 columnam,
445 713 529 776 quae
553 699 667 759 contra
690 698 770 760 artis
792 696 944 780 regulam
970 713 1070 778 supra
1097 694 1196 758 latior
1222 695 1268 758 sit
1290 713 1391 774 quam

215 801 311 883 inira,
347 802 584 883 vituperamus,
616 820 693 865 cum
724 803 889 866 humanae
920 800 1048 884 figurae
1079 803 1211 864 erectae
1243 801 1412 882 speciem¹

215 905 370 970 cruribus
396 907 587 988 compositis
610 908 768 971 imitetur.
800 906 956 971 Ceterum
978 906 1080 970 etiam
1097 904 1249 968 Corinthi
1262 902 1390 968 Dianae

214 1013 433 1076 simulacrum
456 1012 528 1075 sola
548 1012 700 1076 columna
715 1029 913 1095 expressum
927 1010 1032 1075 fuisse
1046 1010 1230 1075 Pausanias
1246 1006 1390 1092 tradit1),

215 1136 281 1200 qua
302 1136 339 1182 re
370 1122 518 1182 nostram
549 1119 658 1201 operis
685 1118 993 1201 interpretationem
1015 1116 1112 1180 valde
1143 1115 1389 1199 comprobatam

214 1222 378 1287 videmus.
408 1221 556 1288 Difficile
579 1227 709 1288 tantum
732 1226 783 1287 est
806 1227 947 1304 quatuor
970 1221 1111 1286 circulos
1128 1222 1308 1304 explicare,
1331 1222 1389 1302 qui

212 1330 250 1392 in
268 1329 442 1393 columnae
459 1330 567 1412 capite
584 1329 706 1412 sculpti
721 1333 808 1392 sunt.
836 1329 947 1410 Vulgo
961 1326 1141 1408 Lyciorum
1161 1328 1389 1410 sepulcrorum

214 1440 412 1499 ornamenta
434 1439 675 1518 comparantur,
699 1434 855 1515 equidem
876 1452 956 1497 vero
978 1435 1088 1517 potius
1115 1433 1239 1516 figuras
1260 1431 1391 1498 Beroli·

212 1541 329 1604 nensis
351 1541 461 1604 musei
484 1541 521 1604 in
543 1539 659 1604 Sicilia
685 1543 839 1605 inventas
867 1540 1045 1619 conferam,
1073 1558 1158 1620 quae
1187 1541 1222 1602 in
1251 1543 1387 1622 pectore

212 1647 298 1711 tales
317 1651 457 1729 quatuor
472 1648 569 1711 orbes
583 1643 785 1730 praebentb,
809 1648 867 1728 qui
881 1664 1098 1710 mammarum
1113 1647 1149 1708 in
1165 1646 1238 1709 loco
1255 1645 1388 1708 formati

214 1752 371 1816 videntur
395 1770 479 1816 esse.
526 1752 674 1816 Eaedem
696 1753 822 1836 figurae
846 1752 981 1835 figlinas
1005 1753 1107 1816 etiam
1128 1752 1166 1815 in
1188 1751 1263 1834 polo
1287 1752 1389 1834 capiti

212 1859 369 1940 imposito
392 1859 479 1922 tales
510 1859 653 1922 circulos
682 1858 843 1922 exhibent
870 1858 1038 1939 quadratis
1068 1855 1203 1937 quidem
1231 1857 1387 1940 inclusos,

214 1981 316 2044 quare
334 1965 586 2045 antiquissimae
604 1965 684 2028 artis
700 1962 822 2027 formas
833 1964 1082 2046 vulgatissimos
1096 1963 1173 2027 illos
1186 1964 1386 2028 existimem.

272 2066 456 2152 'Denique
492 2074 604 2134 autem
638 2069 862 2150 quaerendum
897 2073 958 2149 est,
990 2074 1102 2132 utrum
1134 2072 1268 2132 nostrae
1303 2069 1386 2133 deae

214 2175 341 2238 cultum
375 2173 528 2256 Mycenis
564 2176 728 2257 quondam
765 2174 919 2239 floruisse
956 2176 1140 2239 verisimile
1178 2177 1223 2239 sit
1260 2193 1386 2240 neone:

211 2299 358 2361 namque
398 2280 485 2364 apud
521 2275 735 2363 Homerumi)
772 2279 934 2360 Mycenae
971 2281 1086 2344 earum
1123 2280 1261 2343 urbium
1299 2284 1386 2362 sunt,

213 2400 298 2466 qnae
333 2383 504 2449 aIunone
533 2387 681 2449 maxime
709 2389 869 2449 amantur.
913 2385 1117 2450 Monendum
1149 2404 1229 2450 vero
1265 2391 1317 2449 est
1349 2390 1386 2447 ut

211 2495 405 2573 reputemus
440 2493 619 2575 praecipue
652 2491 889 2575 Pelopidarum
926 2511 1036 2556 arcem
1073 2491 1230 2573 Mycenas
1270 2491 1384 2574 fuisse,

98 2592 102 2604 '
213 2593 298 2676 quae
328 2614 411 2679 gens
440 2595 626 2681 ePhrygia
652 2598 689 2659 in
712 2595 888 2660 Graeciam
915 2599 1156 2678 antiquissimis
1178 2597 1384 2679 temporibus

211 2703 399 2770 transierat.
444 2701 487 2766 In
513 2701 660 2786 Phrygia
687 2707 799 2767 antem
828 2701 957 2766 Dianae
992 2704 1239 2784 antiquissimos
1275 2704 1384 2766 cultus

211 2805 316 2870 fuisse
350 2807 527 2896 aliquoties
557 2809 625 2871 iam
654 2811 852 2885 notavimus,
879 2809 974 2873 velut
1001 2809 1043 2872 ad
1065 2809 1177 2872 lacum
1199 2808 1382 2892 Gygaeum,

211 2912 271 2975 ubi
304 2913 341 2976 in
372 2914 492 2997 templi
518 2914 672 2996 reliquiis
700 2917 801 2979 etiam
831 2915 965 2979 le'onum
993 2917 1102 2998 capita
1129 2917 1267 2980 inventa
1298 2934 1314 2979 s
1361 2919 1383 2979 t.

211 3015 345 3080 Deinde
369 3021 567 3101 scriptorum
590 3023 787 3084 auctoritato
808 3023 883 3105 ipsa
904 3019 1081 3106 Pelopidas
1108 3023 1272 3104 imprimis
1295 3023 1384 3106 Aga·

211 3140 424 3188 memnonem
439 3123 565 3188 Dianae
590 3127 733 3191 cultores
757 3126 862 3192 fuisse
879 3128 1118 3211 comprobatur.
1165 3127 1383 3192 Notissimurn

209 3232 263 3291 est
286 3246 364 3292 eum
388 3248 482 3293 suam
504 3232 610 3314 ipsius
632 3231 737 3296 filiam
759 3231 887 3298 Dianae
915 3235 1139 3298 immolavisse
1161 3235 1296 3314 Aulide,
1324 3234 1384 3298 ubi

210 3323 422 3397 tabernaculi
453 3337 525 3399 eius
553 3338 716 3418 reliquiae
746 3339 928 3423 intemplo
952 3337 1271 3421 conservabantur4).
1304 3338 1382 3404 ⁴De·
1454 3349 1457 3352 ’

210 3437 289 3502 1οι1ο
312 3438 457 3522 Megaris
480 3439 607 3505 Dianae
635 3444 797 3527 templum
828 3444 984 3528 condidit,
1014 3465 1089 3509 cum
1113 3445 1287 3510 Calchanti
1309 3465 1383 3528 per-

212 3545 379 3626 suasisset,
403 3549 441 3608 ut
463 3547 502 3608 in·
522 3545 653 3612 Troiam
676 3567 712 3613 se
734 3548 1000 3632 proficiscentem
1022 3546 1256 3632 sequeretur5).
1301 3551 1381 3613 Alia

212 3649 309 3712 huius
332 3650 384 3712 rei
407 3657 601 3733 argumenta
620 3655 725 3737 mitte,
748 3673 791 3718 ne
808 3656 939 3738 longius
955 3674 974 3718 a
989 3656 1156 3739 proposito
1173 3651 1381 3733 discedam⁶).

283 3892 303 3960 ¹)
321 3893 352 3947 P.
371 3893 407 3956 ΙΙ,
427 3896 452 3960 9,
472 3895 500 3949 6:
529 3893 610 3949 Marci
633 3895 663 3952 ol
680 3896 711 3950 rb
731 3893 845 3965 Ἀράτου
862 3895 954 3971 ἡρῷον
971 3894 1027 3952 ἔστι
1043 3893 1093 3964 μὲν
1112 3940 1118 3953 ,
1138 3940 1145 3955 .
1164 3939 1171 3952 .
1189 3893 1245 3950 ἔστι
1263 3894 1292 3950 δὲ
1314 3895 1381 3959 Zeis

208 3980 347 4047 Μειλίχιος
365 3978 411 4033 καὶ
425 3974 548 4048 'Apertior
560 3978 744 4053 ὀνομαζομένη
757 3985 886 4058 Πατρῴα,
905 3984 956 4038 σὺν
971 3984 1050 4055 τέχνῃ
1068 3983 1237 4054 πεποιημένα
1254 3981 1380 4058 οὐδεμιᾷ·

206 4062 390 4218 ποραςίδιΐδὲ
409 4061 424 4118 ὁ
444 4067 585 4135 Μειλίχιος
601 4063 619 4136 ἡ
636 4065 673 4208 gb
689 4071 781 4125 κίονί
796 4069 886 4125 ἐστιν
903 4069 1094 4139 εἰκασμένη.

324 4169 359 4207 ο.
377 4154 518 4222 imprimis
536 4173 564 4208 n.
584 4155 660 4221 744,
700 4157 748 4211 lut.
769 4160 801 4210 Ε.

282 4237 302 4306 ³)
322 4243 349 4292 A
367 4240 410 4296 52.
679 4173 698 4225 p

281 4324 303 4394 ⁴)
324 4328 354 4383 P.
372 4329 421 4396 IX,
442 4329 484 4394 19,
503 4333 527 4385 7.

282 4411 303 4482 ⁵)
322 4416 352 4471 P.
371 4416 393 4482 Ι,
412 4419 456 4481 43,
476 4420 501 4473 1.

279 4500 304 4570 ⁶)
324 4504 358 4558 cf.
379 4505 410 4560 P.
429 4505 451 4574 I,
469 4506 512 4573 41,
532 4509 561 4573 4;
580 4509 629 4576 ΙΠ,
650 4509 692 4579 16,
711 4512 740 4576 7;
760 4510 806 4578 VI,
825 4509 867 4577 22,
887 4509 916 4577 8;
936 4510 996 4580 VII,
1016 4510 1103 4582 24,1.
