3367 5192
728 1195 923 1296 Vita.

329 1511 471 1579 Adoh'us
506 1512 619 1596 Glaus,
654 1513 730 1580 fidei
765 1515 975 1602 evangelicae
1009 1513 1172 1596 addictus,
1207 1520 1306 1580 natus
1338 1536 1411 1579 sum

240 1617 322 1686 ad.
351 1619 440 1684 XIII
468 1617 536 1685 cal.
564 1618 652 1705 Sept.
680 1621 758 1685 anni
785 1621 816 1686 h.
844 1641 868 1686 s.
896 1620 970 1698 LV,
998 1625 1092 1706 patre
1119 1621 1276 1703 Henrico,
1306 1627 1411 1687 matre

241 1726 414 1792 Henrietta
441 1747 458 1790 e
481 1730 579 1811 gente
604 1725 811 1809 Suessmann,
830 1724 1064 1792 Vratislariae:
1089 1729 1182 1792 cuius
1204 1727 1295 1792 urbis
1318 1748 1410 1812 gym-

240 1833 369 1898 nasium
395 1831 642 1898 Elisabetanum
673 1831 789 1898 Garolo
812 1830 955 1898 Rndolfo
978 1832 1115 1898 Fickert
1140 1839 1266 1898 rectore
1293 1831 1336 1898 ab
1364 1834 1410 1898 in·

241 1939 317 2004 fimo
340 1937 382 2004 ad
405 1960 567 2004 summum
591 1938 737 2006 ordinem
759 1962 816 2026 per
840 1938 903 2004 duo
925 1939 1031 2005 lustm
1053 1929 1269 2025 frequentavi
1307 1940 1410 2005 Testi-

241 2048 386 2112 monium
423 2046 624 2111 maturitatis
661 2045 800 2130 adoptus
838 2067 879 2110 m.
915 2044 987 2111 Oct.
1023 2049 1101 2110 anni
1134 2046 1166 2111 h.
1203 2067 1226 2111 s.
1261 2045 1409 2110 LXXIV

241 2154 489 2218 universitatem
511 2151 697 2216 litterarum
707 2149 902 2216 Viadrinam
924 2148 991 2215 adii
1013 2149 1224 2235 phylolcgiae
1247 2151 1411 2216 archiaco·

243 2259 413 2345 logiaeque
447 2280 578 2343 operam
613 2256 759 2323 daturas:
798 2256 909 2323 eodem
948 2279 1033 2322 anno
1066 2259 1170 2342 patris
1208 2256 1410 2322 dilectissimi

241 2371 344 2432 morte
367 2366 514 2451 graviter
536 2363 680 2430 afflictus
702 2386 783 2430 sum.
830 2363 995 2440 Quattuor
1017 2371 1092 2448 post
1120 2367 1290 2429 semestris
1313 2363 1411 2430 Bero-

240 2471 345 2536 linum
375 2493 426 2538 me
458 2470 591 2553 contu‘ii,
626 2469 683 2536 ubi
715 2470 897 2536 studiorum
929 2468 1223 2536 continuandorum
1253 2477 1412 2536 causa-et

241 2578 493 2664 archaeologicis
517 2577 818 2660 exercitationibus,
851 2598 932 2662 quas
954 2576 992 2642 E.
1017 2575 1148 2642 Curtius
1171 2582 1205 2642 et
1227 2574 1262 2641 O.
1286 2575 1411 2642 Robert

241 2685 503 2767 moderabantur,
541 2685 676 2749 interfui
709 2689 743 2749 et
780 2684 901 2750 scholis
934 2685 1079 2750 virorum
1113 2683 1161 2748 ill.
1195 2683 1233 2748 E.
1269 2682 1410 2765 Curtius,

241 2791 400 2875 Droysen,
424 2791 588 2873 Huebner,
612 2790 794 2870 Kirchhoff,
811 2791 833 2856 J
834 2791 884 2857 ch.
901 2789 1059 2872 Schmidt,
1084 2788 1254 2873 Schrader,
1270 2788 1410 2872 Vahlen,

241 2897 356 2964 Zeller.
406 2898 481 2962 Duo
511 2899 680 2964 semestris
710 2897 758 2962 ibi
786 2903 935 2962 versatus
966 2898 1002 2961 in
1030 2894 1222 2961 Viadrinam
1254 2898 1409 2961 universi·

241 3009 345 3070 tatem
375 3003 471 3083 redii,
504 3005 595 3069 cuius
626 3023 677 3068 me
709 3001 888 3068 docuerunt
919 3003 1116 3088 professores
1146 3001 1193 3066 ilh
1223 3001 1409 3084 Bluemner,

241 3110 388 3195 Dilthey,
415 3110 593 3192 Elvenich,
620 3109 786 3193 Foerster,
814 3109 1052 3192 Frendenthai,
1076 3109 1195 3191 Hertz,
1224 3108 1409 3189 Naumann,

240 3218 388 3296 Partsch,
411 3215 653 3300 Reifferscheid,
673 3215 851 3298 Rossbach,
875 3215 1021 3299 Schultz,
1045 3214 1203 3298 Stennler,
1223 3214 1409 3280 Weinhold.

239 3324 538 3390 Exercitationibus
575 3323 829 3408 archaeologicis
863 3323 933 3388 viro
967 3322 1015 3386 ill.
1049 3320 1203 3415 Angusto
1242 3319 1409 3386 Rossbach
1495 3362 1499 3368 .

239 3430 427 3498 moderante
450 3451 507 3496 sex
529 3431 697 3495 semestria
720 3429 857 3494 interfui
879 3435 913 3494 et
935 3430 1101 3494 seminarii
1123 3427 1282 3494 theodisci
1305 3433 1410 3492 extra·

239 3538 395 3604 ordinarii
424 3537 714 3604 exercitationibus
748 3558 768 3601 a
799 3558 830 3602 v.
857 3529 909 3602 ill.
942 3533 1121 3601 Weinhold
1153 3536 1315 3600 institutis
1346 3536 1411 3600 tria

239 3647 414 3712 semestria.
467 3643 641 3726 Omnibus,
672 3645 728 3729 qui
757 3641 797 3708 de
824 3664 877 3707 me
905 3645 1028 3728 optime
1059 3643 1168 3707 meriti
1196 3647 1289 3724 sunt,
1320 3662 1410 3726 prae·

240 3752 425 3839 captoribus
452 3753 587 3817 memori
614 3751 723 3816 animo
752 3751 895 3836 gratiam
925 3749 1029 3815 habeo
1056 3769 1245 3834 semperque
1274 3747 1409 3830 habebo,

240 3862 399 3948 imprimis
426 3882 504 3925 vero
526 3880 579 3925 vv.
607 3858 653 3924 ill.
676 3857 847 3923 Rossbach
877 3862 911 3922 et
932 3856 1070 3941 Robert,
1100 3858 1156 3940 qui
1182 3853 1346 3920 suadendo
1377 3860 1410 3919 et

239 3967 428 4034 auxiliando
451 3968 532 4032 mihi
555 3964 739 4031 adsuerunt.
