3367 5192
692 415 906 512 „il-9.-

207 695 210 702 A
301 621 400 686 Illam
443 641 523 688 vero
568 624 772 690 Rhodiorum
809 625 1039 690 Aristobulam
1082 625 1385 706 Waohsmuthins¹)

211 727 419 800 Phoenicum
457 729 553 794 deam
589 749 662 794 esse
698 735 820 814 censet,
860 751 945 813 qnae
979 733 1015 795 in
1050 732 1212 796 Graecam
1245 733 1385 796 formam

212 838 338 904 mutata
367 836 419 916 sit,
448 839 482 898 et
509 835 606 900 deam
635 837 801 900 lunarem:
835 856 934 918 quem
959 837 1093 919 quidem
1115 857 1181 901 non
1205 840 1384 920 sequimur,

214 959 289 1003 cnm
324 941 425 1004 etiam
457 942 494 1004 in
529 940 670 1006 Graecia
704 943 777 1024 ipsa
810 943 897 1006 hanc
923 942 1052 1006 Dianae
1087 947 1238 1031 naturam
1272 948 1384 1008 notam

213 1045 319 1110 fuisse
341 1046 438 1110 modo
461 1046 652 1110 viderimus.

302 1168 421 1252 Itaque
436 1169 587 1251 Dianam,
605 1189 680 1236 eum
695 1172 779 1234 talia
794 1173 992 1253 cognomina
1005 1171 1154 1252 haberet,
1171 1173 1385 1238 consiliorum

213 1275 410 1340 adiutricem
421 1277 715 1358 institutorumque
727 1277 915 1360 praesidem
927 1277 1031 1340 fuisse
1048 1283 1195 1360 apparet.
1226 1278 1384 1340 Attamen

210 1382 390 1464 praecipua
422 1382 521 1448 huius
552 1387 693 1446 naturae
729 1384 900 1465 provincia
934 1384 971 1445 in
1004 1383 1105 1446 aliam
1139 1382 1236 1446 deam
1263 1383 1384 1446 tralata
1505 1401 1512 1414 ·

214 1492 273 1568 est,
306 1506 381 1550 cum
409 1489 522 1571 legam
549 1487 732 1550 custodiam
755 1488 969 1568 iustitiaeque
992 1488 1133 1550 tutelam
1156 1490 1256 1572 vulgo
1280 1487 1384 1552 The·

212 1593 314 1656 midi
331 1592 451 1656 Graeci
471 1588 695 1672 tribuerentil.
727 1593 777 1656 Ea
801 1598 913 1656 autem
933 1593 997 1656 dea
1017 1611 1080 1675 qno
1096 1594 1254 1658 modoex
1268 1601 1381 1659 nostra

213 1701 369 1781 primitus
381 1700 524 1762 naturali
536 1698 600 1762 dea
611 1699 778 1762 declinata
790 1700 842 1779 sit,
855 1699 955 1762 facile
967 1700 1120 1781 intellegi
1130 1705 1250 1783 potest.
1270 1700 1383 1766 Primo

213 1805 348 1886 quidem
371 1803 505 1869 Themis
528 1824 594 1868 una
618 1809 669 1868 est
691 1801 922 1887 Titanidumb,
949 1807 986 1868 in
1009 1806 1129 1887 quibus
1153 1809 1256 1888 etiam
1278 1807 1385 1872 Diana

212 1910 449 1974 numerabatur
478 1917 512 1974 et
540 1910 646 1974 Diona
668 1909 847 1974 Dodonaea
875 1916 909 1974 et
931 1910 1059 1974 Latona
1083 1916 1116 1974 et
1138 1911 1266 1976 Hecate
1297 1914 1385 1996 apud

209 2016 404 2080 Hesiodum.
449 2016 499 2079 Ea
525 2035 563 2079 re
595 2018 663 2080 iam
691 2015 860 2080 Themidis
892 2017 1017 2080 cultum
1048 2018 1084 2079 in
1110 2019 1254 2100 priscam
1285 2018 1387 2083 Grae·

214 2142 327 2186 corum
361 2127 506 2186 aetatem
539 2122 752 2185 referendum
788 2141 862 2186 esse
896 2121 1039 2185 indicari
1073 2123 1205 2185 videtur
1244 2143 1384 2206 eamque

210 2229 346 2292 illarum
376 2229 513 2291 dearum
541 2246 608 2291 non
636 2228 834 2292 dissimilem
864 2246 947 2291 esse.
993 2226 1122 2290 Deinde
1144 2230 1385 2310 posterioribus

210 2352 341 2416 quoqne
370 2335 513 2398 saeculis
543 2333 676 2397 Themis
707 2338 742 2396 et
769 2333 870 2396 Terra
902 2337 1010 2396 mater
1043 2334 1064 2394 i.
1095 2351 1124 2394 c.
1153 2335 1384 2415 antiquissima

210 2439 318 2502 Diana
343 2439 492 2502 eiusdem
514 2441 662 2502 numinis
677 2441 812 2502 nomina
827 2439 1045 2518 habebantur,
1068 2437 1103 2500 id
1119 2438 1206 2519 quod
1221 2440 1385 2520 Aeschyli

210 2545 314 2611 verba
342 2545 459 2627 (Prom.
476 2545 553 2626 209)
584 2539 653 2624 ἐμοὶ
677 2539 711 2605 δὲ
734 2541 839 2627 μήτηρ
863 2538 925 2624 οὐχ
948 2538 1031 2619 ἅπαξ
1053 2539 1157 2622 μόνον
1182 2538 1276 2624 Θέμις
1302 2541 1305 2628 )
1331 2541 1387 2605 καὶ

211 2651 294 2714 Γαῖα
315 2649 445 2722 πολλῶν
466 2644 639 2732 ὀνομάτων
660 2643 772 2731 μορφὴ
795 2649 853 2729 μία
873 2653 955 2714 satis
970 2650 1090 2713 docere
1108 2649 1273 2712 videntur:
1298 2669 1383 2735 quae

210 2757 314 2821 verba
351 2757 473 2838 optime
510 2757 727 2839 inscriptione
765 2756 869 2818 sellae
907 2756 1080 2818 theatralis
1120 2755 1382 2839 comprobantur,

211 2881 296 2944 quae
326 2859 464 2924 exhibet
492 2859 594 2940 ἱερίαν
616 2855 683 2942 Γῆς
708 2852 884 2940 Θέμιδος).
930 2860 1013 2923 Tum
1042 2860 1167 2923 similia
1189 2862 1385 2942 cognomina
1457 2927 1467 2944 .

211 2968 339 3032 Dianae
378 2971 412 3029 et
449 2964 602 3028 Themidi
639 2966 795 3048 imposita
831 2970 922 3040 sunt:
962 2987 982 3029 a
1014 2961 1191 3049 Pindaro⁶l
1229 2961 1386 3046 εὔβουλος

210 3075 333 3136 dicitur
355 3070 498 3152 Themis,
527 3069 568 3133 ab
596 3065 795 3154 Aeschylo⁶)
826 3067 1042 3154 ὀρθόβουλος,
1073 3089 1159 3152 quac
1191 3072 1385 3154 cognomina

210 3179 301 3244 idom
328 3176 450 3258 valent,
485 3175 571 3258 quod
600 3175 738 3256 βονλαία
768 3180 801 3239 et
830 3171 1055 3258 ἀριστοβούλη.
1101 3176 1228 3240 Eadem
1251 3176 1385 3240 Themis

214 3279 362 3363 Σώτειρα
389 3262 622 3346 nominabatur
644 3279 799 3363 Iovisque
827 3278 1031 3364 πάρεδρος),
1060 3302 1124 3365 quo
1147 3285 1183 3345 in
1206 3283 1278 3346 loco
1302 3285 1387 3346 anti·

212 3390 405 3472 quissimam
433 3388 576 3452 Dianam
610 3388 714 3451 fuisse
747 3407 847 3471 supra
874 3388 1055 3469 docuimus.
1107 3387 1190 3452 Tum
1216 3387 1386 3452 Themidis

288 3667 309 3735 ¹)
329 3668 381 3723 Die
399 3669 479 3723 Stadt
497 3668 600 3733 Athen,
619 3685 648 3736 p.
665 3667 725 3721 439.

215 3791 218 3800 Δ
287 3755 307 3824 2)
326 3756 357 3812 P.
376 3757 411 3822 Χ,
435 3755 482 3821 31,
508 3757 540 3812 10
567 3757 723 3826 nympham
743 3756 875 3812 Nomiam
899 3759 1113 3824 commemorat,
1139 3770 1211 3823 qnae
1233 3755 1347 3810 formae
1370 3771 1386 3808 e

212 3846 320 3900 Dianae
339 3845 505 3914 cognomine
523 3845 692 3900 declinanda
710 3847 759 3898 est.

286 3931 307 4000 3)
326 3933 423 3987 Aesoh.
442 3931 532 3987 Prom.
551 3951 577 3987 v.
597 3934 658 3987 874.

286 4019 309 4088 4)
328 4021 474 4074 Plewius
491 4021 578 4089 igitur
591 4020 621 4076 in
633 4019 751 4074 Prelleri
763 4020 854 4088 Myth.
866 4019 914 4074 Gr.
926 4019 948 4085 I,
960 4039 988 4089 p.
1001 4019 1063 4082 891,
1075 4022 1125 4074 not
1137 4021 1162 4084 3,
1180 4019 1251 4074 falso
1263 4019 1386 4073 iudicare

211 4111 335 4174 videtur,
361 4126 423 4164 cum
442 4109 530 4164 dicat:
557 4109 609 4164 Die
627 4109 838 4178 Identifioirung
861 4125 917 4163 von
935 4108 976 4163 Ge
998 4109 1056 4163 und
1075 4109 1186 4162 Themis
1203 4108 1306 4162 beruht
1323 4109 1386 4162 dar-

212 4195 297 4252 nach¹
310 4197 385 4252 wohl
403 4196 453 4251 aui
468 4197 587 4252 localem
606 4195 746 4261 Glauben,
773 4197 847 4252 ohne
864 4196 909 4250 fur
927 4195 973 4250 die
991 4196 1202 4266 ursprdngliche
1220 4195 1386 4262 Bedeutung

212 4285 262 4340 der
281 4285 414 4339 lctzteren
432 4287 517 4339 etwas
534 4302 567 4338 an
585 4274 730 4340 beweiaen.
907 4268 913 4282 ’

287 4369 308 4438 ὅ)
329 4374 411 4429 Pind.
428 4373 462 4427 fr.
481 4373 506 4427 6.
541 4372 608 4426 Isth.
626 4365 653 4438 Ι7,
674 4372 716 4426 67.

286 4458 308 4526 ⁶)
327 4462 418 4516 Prom.
436 4479 463 4515 v.
482 4457 524 4514 18.

289 4547 309 4617 ⁷)
327 4549 407 4605 Pina
427 4545 626 4613 01.v111‚2e.
