3367 5192
841 362 861 422 8

268 571 354 653 quod
377 572 562 655 mythologi
586 591 661 636 oum
677 573 737 636 illa
752 571 860 638 Dione
885 592 1075 657 comparare
1099 574 1216 654 solent,
1240 593 1439 656 quamquam

266 679 306 742 ab
336 678 452 742 cadem
474 679 587 743 radice
616 679 817 742 doolinatum
847 684 906 761 est,
939 680 1039 743 aliam
1063 680 1357 744 conformationem
1381 699 1439 744 ex·

265 785 367 849 hibet.
423 785 552 850 Dionae
586 787 689 868 igitur
722 805 859 867 nomen,
897 793 1130 870 praeterquam
1165 788 1252 870 quod
1286 809 1307 848 α
1340 790 1376 851 in
1412 808 1438 849 ω

265 897 428 956 mutatum
453 898 513 973 est,
538 912 613 956 cum
636 895 696 957 illa
719 891 841 958 Latina
865 895 971 957 forma
994 896 1127 958 omnino
1151 897 1310 977 congruit.

356 1001 388 1064 A
419 998 607 1065 Dodonaeis
639 999 770 1064 Dionen
799 999 888 1065 Iovis
921 1019 1061 1072 imorem
1097 1004 1277 1085 praecipuo
1315 1002 1439 1065 cultam

266 1125 341 1171 esse
371 1112 486 1171 notum
515 1112 573 1172 est.
618 1105 690 1170 Iam
717 1127 796 1171 vero
827 1127 903 1175 cum
935 1127 1090 1190 magnam
1113 1107 1273 1172 italorum
1300 1112 1439 1191 partem,

265 1219 442 1295 antequam
470 1214 609 1278 Adriam
634 1217 828 1297 traicerent,
863 1217 899 1278 in
926 1215 1028 1299 Epiro
1061 1215 1230 1280 habitasse
1261 1211 1437 1294 constet¹),

266 1320 405 1384 candem
428 1321 529 1384 Italos
553 1326 587 1386 et
610 1320 768 1404 Pelasgos
784 1320 979 1386 Dodonaeos
1003 1323 1147 1386 coluisse
1164 1323 1261 1386 deam
1277 1322 1438 1404 colligere

266 1445 449 1508 possumus
473 1447 615 1509 cumque
638 1427 779 1493 Romani
803 1428 1005 1492 Graecorum
1019 1423 1166 1508 ’Ἄρτεμιν
1187 1428 1329 1492 Dianam
1352 1430 1439 1512 ipso·
1529 1410 1532 1415 ¹

267 1553 341 1596 rum
366 1553 439 1597 esse
463 1536 770 1618 interpretarentur,
795 1555 837 1599 ne
853 1531 1001 1614 ’Ἄρτεμιν
1024 1534 1158 1617 quidem
1174 1536 1439 1617 antiquissimam

268 1638 408 1704 aDione
432 1641 597 1705 diversam
620 1642 724 1705 furioso
749 1661 933 1723 censemus,
958 1644 1052 1705 cuius
1075 1645 1126 1706 rei
1141 1643 1229 1706 infra
1245 1642 1440 1724 augebimus

267 1752 470 1830 argumenta.
1087 1834 1090 1838 ι

355 1853 530 1937 Pergimus
551 1855 672 1919 abhinc
693 1856 733 1919 ad
756 1859 993 1938 quaestionem,
1015 1857 1093 1938 quid
1119 1849 1300 1935 Ἀρτέμιδος
1320 1875 1442 1918 nomen

267 1961 446 2043 significet,
482 1981 567 2043 quae
596 1967 663 2026 tam
693 1962 842 2026 difficilis
872 1971 936 2045 est,
967 1968 1004 2026 ut
1033 1962 1070 2026 G.
1095 1963 1228 2026 Curtius
1259 1963 1339 2026 artis
1370 1967 1442 2043 ety-

267 2067 451 2151 mologicae
478 2071 695 2152 gravissimus
724 2073 838 2133 auctor
871 2089 907 2134 se
934 2071 1019 2133 illud
1048 2071 1178 2133 nescire
1206 2064 1440 2153 profiteatur2).

266 2173 379 2237 Primo
410 2176 670 2257 conquirendum
700 2181 764 2258 est,
793 2195 877 2258 quac
906 2177 1139 2258 antiquissima
1165 2178 1310 2240 nominis
1335 2176 1441 2240 forma

268 2283 321 2344 sit.
371 2281 516 2365 Vulgata
545 2281 745 2346 Graecorum
778 2288 829 2346 est
846 2275 1010 2365 Ἀρνεμις,
1042 2282 1079 2346 G.
1101 2281 1196 2365 udos,
1228 2281 1333 2346 Dores
1362 2301 1441 2346 vero

267 2387 364 2451 deam
382 2381 541 2470 ’Ἀρναμιν
572 2389 785 2472 appellabant
817 2394 851 2453 et
883 2409 979 2453 casus
1012 2389 1164 2471 obliquos
1192 2389 1388 2471 plerumque
1423 2408 1443 2451 a

267 2495 381 2560 radice
409 2497 444 2558 in
478 2500 612 2560 tenuem
645 2497 819 2562 desinente
848 2489 1008 2577 ’Ᾰρταμιν-
1039 2496 1231 2560 flectebant:
1267 2500 1441 2578 praeterea

267 2601 402 2666 Etrusci
425 2603 559 2666 uomina
583 2603 762 2667 utebantur
784 2605 884 2687 paulo
907 2603 1107 2686 degenerato
1131 2603 1283 2666 Artumes
1307 2603 1362 2666 vel
1377 2602 1441 2665 Ar·

266 2705 410 2791 camah,
440 2715 474 2775 et
497 2710 583 2794 apud
607 2709 747 2791 Scythas
771 2710 834 2773 dea
858 2710 1028 2774 colebatur
1050 2697 1272 2792 Artimpasat)
1296 2709 1438 2790 nomine,

269 2834 367 2896 quam
392 2816 580 2880 Herodotus
608 2815 677 2898 (Ν,
700 2815 753 2896 59)
782 2808 980 2896 Ἀφροδίτην
1002 2809 1171 2895 Οὐρανίαν
1196 2818 1443 2899 interpretatur.

267 2922 318 2984 Ea
341 2941 471 3004 quoque
494 2923 637 2986 nominis
660 2925 766 2986 forma
790 2922 1044 2986 similitudinem
1064 2921 1184 2986 Graeci
1205 2922 1362 2987 vocabuli
1384 2941 1443 2985 ex·

268 3028 371 3108 hibet,
397 3047 471 3092 cum
495 3031 768 3113 compositionem
790 3029 884 3091 illius
908 3029 1007 3091 facile
1024 3047 1249 3112 agnoscamus.
1288 3027 1439 3110 Namque

270 3126 393 3213 Ἀρτιμ-
418 3140 604 3219 corruptam
618 3128 800 3215 Ἀρτέμιδος
815 3135 956 3198 formam
977 3153 1050 3198 esse
1067 3136 1150 3199 duco
1167 3140 1201 3198 et
1223 3150 1331 3218 -πασα,
1355 3135 1442 3217 quod

268 3246 382 3325 restat,
406 3261 425 3304 a
447 3241 517 3307 rad.
540 3247 612 3326 pat
634 3240 669 3322 (i.
687 3261 714 3305 e.
738 3242 911 3324 dominari,
936 3241 976 3305 of.
993 3240 1122 3306 Sanscr.
1143 3243 1241 3325 potis,
1265 3241 1320 3305 Gr.
1340 3240 1441 3323 πόσις,

270 3346 342 3411 Lat.
375 3351 477 3433 potis,
512 3348 660 3433 possum)
695 3349 914 3412 derivandum
948 3367 1021 3413 esse
1056 3350 1128 3411 veri
1151 3348 1359 3412 simillimum
1382 3353 1441 3411 est.

275 3447 494 3536 Ἀρτίμπασαν
509 3458 620 3540 igitur,
636 3457 773 3532 sirecte
790 3457 965 3539 opinamur
979 3445 1134 3518 ‘Dianam
1150 3446 1323 3519 dominam’
1340 3456 1442 3517 inter·

268 3564 395 3643 pretari
417 3559 632 3645 possumus5).
677 3563 956 3644 Antiquissimum
984 3580 1063 3625 vero
1092 3562 1230 3625 formam
1253 3563 1290 3624 in
1311 3559 1441 3641 Dorica,

267 3660 435 3750 Ἄρναμις,
465 3672 689 3753 agnoscimus,
720 3668 807 3749 quod
832 3669 958 3732 vocalis
988 3688 1008 3726 α
1046 3668 1184 3732 alterius
1212 3667 1362 3747 syllabae
1391 3668 1442 3728 in-

267 3813 481 3820 --———--—-

341 3899 362 3966 ¹)
382 3901 418 3959 cf.
435 3901 576 3972 Helhig,
595 3899 757 3968 ‚,Hormes“,
774 3903 842 3955 tom.
862 3898 905 3965 11,
922 3901 995 3968 part.
1013 3897 1039 3955 3.

341 3987 362 4055 ²)
380 3990 473 4060 Etym.
492 3989 538 4045 Gr.
557 3989 582 4042 4.
595 3991 648 4056 ed,
667 4007 695 4060 p.
712 3987 765 4044 488
784 3987 821 4056 (5.
834 3989 888 4055 ed,
905 4005 934 4058 p.
952 3985 1027 4054 556).

342 4075 363 4146 ⁸)
381 4079 528 4146 Bacche,
546 4079 766 4148 Bemanbergars
778 4078 910 4148 Beitrage
920 4095 944 4132 n
956 4077 1056 4132 Kuude
1069 4077 1097 4131 d.
1108 4075 1205 4146 indog.
1215 4074 1277 4144 Spr.
1289 4073 1325 4138 11,
1342 4091 1371 4144 p.
1384 4072 1443 4128 163.

342 4166 365 4237 ⁴)
383 4169 449 4225 Hes.
466 4187 487 4224 s.
499 4168 527 4224 h.
541 4187 567 4226 v.
585 4168 614 4225 O.
628 4168 650 4224 1.
663 4167 696 4224 G.
708 4186 737 4223 u.
749 4166 827 4223 6014.
858 4167 892 4222 cl.
905 4165 1042 4223 Curtius
1059 4165 1133 4219 Ann.
1147 4164 1216 4231 Bon,
1234 4166 1302 4219 tom.
1315 4163 1360 4231 36,
1377 4179 1405 4231 p.
1417 4163 1444 4215 8.

343 4254 365 4325 ⁵)
383 4257 474 4312 Aliter
492 4258 527 4312 de
544 4258 599 4314 hoo
616 4258 730 4314 nomine
743 4257 889 4322 Movere,
907 4255 959 4311 Die
972 4253 1119 4311 Pbdniaier
1136 4254 1158 4319 1,
1176 4271 1205 4324 p.
1223 4253 1283 4309 624.
1309 4250 1445 4306 Similiter

268 4345 464 4402 Armeniorum
482 4347 528 4402 dei
545 4364 649 4404 nornen
666 4341 796 4417 ‘Tiespao'
815 4346 861 4414 (of.
875 4345 1107 4412 Mordtmanu‚
1125 4341 1256 4398 Zeitachr.
1274 4341 1301 4395 d.
1315 4338 1443 4394 danum-

269 4435 407 4506 morgenl.
425 4434 576 4492 Geaellsch.
599 4439 666 4493 tom.
689 4437 738 4503 36,
762 4435 877 4506 publi)
900 4433 1085 4505 compositum
1107 4432 1218 4487 videtur
1241 4446 1258 4485 e
1280 4428 1356 4484 ulos·
1378 4427 1397 4483 i.
1420 4442 1445 4482 a.

271 4520 339 4587 Ζεύς
355 4526 401 4581 vel
419 4526 469 4580 Ziu
486 4526 545 4582 siva
563 4525 621 4593 Tyr
639 4524 699 4593 (qui
717 4524 919 4580 Germanorum
937 4525 1004 4579 deus
1022 4520 1074 4591 ast)
1098 4523 1128 4577 ot
1145 4536 1208 4591 -paa
1228 4519 1248 4576 i.
1266 4534 1289 4574 e
1309 4516 1445 4573 deminuo
