3367 5192
821 359 864 422 67

347 569 457 652 Vulgo
491 574 602 634 autem
635 570 720 634 hanc
754 572 1011 654 parturientium
1050 569 1146 634 deam
1184 567 1434 651 Ilithyiam¹)

258 673 379 738 Graeci
407 674 621 739 nominabant
651 677 718 739 iam
746 676 887 741 Homeri
918 676 1132 760 temporibus,
1162 677 1219 758 qui
1250 680 1284 740 et
1311 676 1435 761 plurali

257 799 396 846 numero
421 779 576 862 Ilithyias
599 776 742 863 leudaff)
767 787 802 846 et
823 780 961 846 Iunonis
984 782 1072 845 filias
1089 800 1146 847 eas
1161 777 1282 861 iacit3).
1328 778 1434 856 Quam
1458 836 1462 841 .

258 885 301 950 ob
324 905 396 951 rem
419 889 453 950 et
477 887 555 967 quia
577 885 660 950 Iuno
684 887 812 952 duobus
835 888 919 952 locis
942 884 1111 968 Ilithyia⁴)
1134 887 1329 971 appellatum,
1360 906 1434 952 eam

260 990 397 1056 Iunonis
422 993 518 1074 quasi
540 992 734 1076 hypostasin
759 1011 833 1057 esse
856 994 1042 1076 mythologi
1064 988 1237 1076 exceptol)
1265 991 1435 1058 Gerhurdo

259 1102 475 1180 censuerunt,
500 1098 557 1179 qui
579 1096 707 1161 Dianae
730 1098 927 1162 similiorem
950 1117 1024 1162 eam
1048 1116 1122 1162 esse
1145 1096 1242 1161 dixit.
1287 1098 1339 1161 Ac
1360 1115 1435 1179 pro-

258 1201 347 1266 iecto
369 1202 529 1284 Ilithyiao
552 1221 675 1268 numen
694 1222 717 1267 e
740 1202 869 1268 Dianae
892 1205 1125 1286 antiquissima
1147 1204 1261 1286 specie
1285 1203 1433 1266 evasisse

259 1306 399 1372 videtur.
443 1309 594 1373 Primum
622 1310 713 1373 enim
739 1308 817 1374 Deli
840 1308 980 1391 Ilithyia
1007 1310 1191 1391 antiquitus
1222 1303 1434 1389 colebatur⁶),

257 1413 295 1476 in
318 1432 416 1495 quam
432 1412 516 1479 Olen
538 1414 702 1497 quondam
724 1417 886 1495 hymnum
910 1414 1098 1479 condidisse
1120 1413 1235 1497 fertur,
1259 1415 1295 1477 in
1316 1412 1434 1477 eadem

259 1519 379 1602 insula,
402 1519 461 1584 ubi
474 1518 602 1583 Dianae
623 1521 732 1584 cultus
749 1539 794 1584 ex
809 1521 1051 1601 antiquissimis
1066 1518 1271 1603 temporibus
1286 1519 1432 1601 vigebat,

257 1626 293 1686 et
321 1642 365 1687 ox
391 1623 620 1708 Hyperboreis
650 1624 746 1688 deam
774 1624 815 1688 ad
838 1623 986 1689 Latonae
1013 1628 1146 1706 partum
1175 1625 1309 1688 venisse
1338 1623 1433 1688 fabu·

259 1727 414 1792 labantur
420 1725 457 1810 7);
480 1730 571 1794 idem
586 1729 628 1793 de
643 1730 734 1812 Arge
756 1733 790 1794 st
806 1727 870 1813 Opi
884 1729 1112 1813 Hyperboreis
1127 1729 1323 1812 virginibus,
1348 1748 1433 1810 quae

146 1845 147 1850 ’
259 1831 342 1897 deae
369 1836 474 1917 ipsius
505 1837 635 1919 species
659 1839 751 1917 sunt,
782 1834 988 1899 narrabatur.
1032 1834 1151 1917 Itaque
1174 1835 1359 1898 verisimile
1383 1839 1435 1898 est

257 1937 336 2002 deas
362 1939 441 2004 Deli
472 1942 579 2005 cultas
610 1945 644 2005 et
671 1940 811 2014 eandam
837 1945 991 2004 naturam
1019 1940 1229 2020 exhibentes,
1259 1923 1433 2020 Ilithyiam

259 2047 295 2106 et
315 2044 458 2109 Dianam
480 2045 626 2128 Deliam,
656 2047 699 2110 ad
724 2066 830 2110 unum
852 2048 1017 2110 vetustius
1039 2064 1178 2126 numen,
1208 2044 1295 2126 quod
1317 2043 1431 2110 ambas
1474 2045 1481 2056 ’

256 2151 450 2235 amplexum
465 2154 518 2235 sit,
534 2152 727 2217 referendas
744 2171 827 2218 esse.
855 2151 987 2216 Deinde
999 2150 1136 2235 Spartae
1152 2169 1282 2232 quoquc
1298 2156 1434 2235 propter

261 2251 397 2321 Orthiae
424 2257 539 2321 fanum
565 2257 726 2338 Ilithyiao
761 2258 861 2321 aedes
894 2262 968 2322 erat
1000 2257 1126 2321 oraculi
1156 2255 1313 2338 Delphici
1339 2258 1434 2319 iussu

256 2357 427 2444 condita⁸).
472 2362 559 2426 Item
580 2364 681 2447 Argis
704 2362 863 2443 Ilithyiao
892 2362 1008 2426 fanum
1036 2363 1103 2426 fuit
1130 2361 1217 2426 haud
1246 2361 1362 2445 procul
1389 2361 1430 2425 ab

255 2462 408 2530 Hecatae
435 2466 513 2530 iano
543 2467 725 2549 conditum,
760 2471 797 2530 ut
831 2466 896 2531 duo
926 2467 986 2530 illa
1017 2466 1143 2550 templa
1171 2465 1321 2529 eiusdem
1350 2458 1432 2530 deae

257 2568 363 2662 fuisse
385 2571 549 2655 videntur,
573 2571 633 2636 sed
656 2573 697 2636 ab
721 2572 864 2636 diversis
887 2571 1043 2655 gentibus
1066 2566 1236 2651 condita9).
1270 2569 1433 2652 Ilithyiae

262 2678 351 2740 enim
366 2679 536 2756 sacellum,
560 2677 647 2760 quod
661 2659 794 2742 Helena
810 2665 1001 2742 condidisse
1013 2678 1127 2758 fertur,
1150 2674 1312 2759 Lelegum
1327 2671 1432 2740 fuisse

259 2783 457 2866 putaverim.
505 2781 556 2846 De
582 2781 732 2847 Hecatae
767 2782 902 2863 quidem
935 2782 1053 2866 templi
1087 2783 1215 2864 origine
1249 2779 1432 2844 Pausanias

259 2887 347 2951 nihil
376 2888 526 2971 tradidit,
569 2906 670 2970 quare
707 2889 881 2972 opiniones
912 2888 1061 2973 proferre
1092 2888 1295 2954 desistimus.
1349 2885 1432 2950 Tum

259 2992 407 3077 Ilithyia,
423 3013 508 3076 qnae
524 3013 598 3058 cum
614 2995 750 3058 numine
767 2993 910 3077 Sosipoli
930 2995 1100 3059 nominato
1116 2994 1243 3056 cultum
1259 2991 1432 3076 Olympiae

258 3100 506 3164 sanctissimum
528 3095 734 3182 habebat10),
758 3089 893 3162 Dianae
909 3095 1100 3181 bellicosae,
1123 3098 1165 3162 de
1188 3117 1253 3180 qua
1275 3098 1363 3162 infra
1385 3097 1433 3160 di·

256 3204 400 3268 cendum
422 3205 519 3269 nobis
543 3210 602 3287 est,
627 3205 808 3268 consimilis
831 3204 977 3287 videtur,
1002 3223 1078 3268 oum
1100 3203 1141 3268 ab
1165 3203 1259 3267 Eleis
1282 3203 1430 3268 Arcades

255 3309 449 3376 defendisse
471 3311 626 3376 tradatur.

332 3605 353 3672 ¹)
373 3608 407 3663 oi.
426 3607 573 3674 Prallar,
597 3607 686 3677 Myth.
706 3605 752 3662 Gr.
775 3606 797 3675 Ι,
823 3625 851 3676 p.
870 3606 931 3661 421.
968 3606 1009 3661 De
1032 3607 1205 3678 etymologia
1229 3607 1264 3661 cl.
1288 3606 1430 3672 Goebal,

254 3693 323 3748 Lex.
341 3694 377 3760 II,
394 3713 422 3764 p.
442 3695 502 3750 119.

330 3780 352 3850 ²)
370 3783 452 3839 Hom.
471 3786 505 3850 Σ,
524 3803 551 3839 v.
571 3783 630 3838 119.

331 3867 351 3936 ⁸)
371 3875 395 3939 I,
413 3889 439 3926 v.
458 3870 519 3926 271.
557 3872 641 3927 otu.
660 3872 682 3942 1,
701 3869 742 3937 18,
761 3873 787 3927 5.

329 3955 353 4021 ⁴)
371 3958 406 4014 cf.
423 3959 570 4026 Prsllar‚
589 3959 608 4013 l.
628 3960 647 4014 1.
665 3963 723 4014 not.
742 3957 768 4014 2.

329 4042 351 4114 5)
370 4046 405 4100 cf.
423 4046 589 4122 Ptodromus
607 4064 635 4116 p.
652 4047 688 4101 33
705 4063 746 4114 sq.

329 4131 352 4202 ⁸)
371 4134 403 4191 P.
421 4135 443 4201 I,
463 4133 505 4202 18,
524 4137 550 4190 5.

329 4223 350 4292 ⁷)
368 4225 471 4281 Herod.
490 4225 537 4291 IV,
556 4224 599 4278 35.
636 4224 671 4278 cl.
688 4223 793 4292 Hymn.
812 4222 894 4278 Hom.
913 4223 944 4277 in
962 4222 1056 4292 Apoll.
1074 4239 1101 4278 r.
1119 4221 1191 4296 115.-

328 4310 352 4381 Ι)
370 4313 401 4368 P.
419 4313 469 4381 ΙΙΙ,
490 4312 532 4380 17,
552 4311 575 4367 1.
613 4310 648 4366 cf.
665 4314 812 4380 praeterea
830 4310 880 4378 ΠΙ,
899 4310 941 4378 14,
960 4312 984 4365 6.

329 4398 611 4469 hammam

315 4485 352 4553 10)
372 4487 402 4544 P.
420 4488 469 4552 vr,
487 4486 531 4557 ao,
549 4487 628 4543 2-5.
