3367 5192
816 282 857 344 97

247 487 341 572 leges
370 507 501 570 quoque
528 490 746 572 institutaque
776 493 865 554 tueri
892 473 967 555 eam
995 492 1154 573 homines,
1188 493 1246 573 qui
1274 493 1419 559 civitatis

246 594 377 677 legibus
403 597 509 662 vitam
535 595 777 678 ordinaverant,
810 596 1009 680 cogitabant.
1052 596 1173 678 Itaque
1197 597 1237 662 ab
1262 599 1420 664 eruditio·

244 701 337 764 ribus
361 701 515 784 gentibus
537 720 605 765 non
627 702 734 766 solum
757 707 896 766 nahnae
920 703 979 767 sed
1006 705 1108 767 etiam
1130 704 1265 768 urbium
1293 705 1420 787 legum-

157 853 160 860 .
246 825 310 888 que
332 806 439 870 tutela
461 807 572 871 eidem
594 808 676 871 deae
700 807 958 873 adscribebatur.
1003 810 1121 891 Aeque
1149 811 1258 874 cultus
1286 829 1418 893 quoque

246 913 430 977 custodiam
461 913 543 976 deae
573 913 720 978 officium
750 933 825 979 esse
856 916 1006 979 homines
1038 913 1292 997 arbitrabantur,
1322 921 1419 982 utet

245 1019 450 1082 oraculorum
486 1023 519 1083 et
552 1021 633 1084 artis
667 1022 823 1102 musicae,
860 1022 954 1084 cidus
981 1039 1061 1085 rusus
1089 1021 1125 1083 in
1155 1019 1292 1086 deorum
1323 1022 1417 1086 cultu

244 1127 438 1208 praecipiam
454 1129 534 1207 erat,
549 1126 754 1208 praesidium
769 1126 854 1190 deae
868 1127 1051 1190 deferrent:
1068 1126 1156 1190 unde
1167 1129 1419 1208 antiquissimae

242 1230 371 1294 Dianae
406 1236 539 1314 praeter
570 1232 716 1300 ethicam
751 1234 853 1296 etiam
879 1234 1041 1297 musicam
1069 1233 1233 1314 quandam
1265 1239 1419 1298 naturam

242 1337 445 1402 tribuebant

332 1442 404 1506 Has
426 1444 494 1506 iam
516 1441 643 1506 Dianae
666 1444 796 1509 indoles
810 1445 975 1528 imprimis
989 1443 1142 1528 Phryges
1167 1446 1416 1527 conservabant,

243 1566 383 1630 quorum
407 1569 535 1614 summa
557 1549 630 1626 dea,
653 1549 756 1632 Rhea,
788 1569 855 1616 non
878 1551 985 1616 solum
1006 1556 1141 1634 propter
1162 1557 1302 1616 naturae
1324 1572 1420 1636 prae·

244 1654 366 1718 sidium
389 1655 448 1720 sed
472 1657 574 1720 etiam
595 1660 731 1739 propter
752 1657 887 1722 urbium
908 1659 1048 1721 tutelam
1064 1676 1196 1740 semper
1210 1657 1414 1739 laudabatur,

243 1779 345 1842 quara
379 1765 495 1844 postea
528 1763 565 1826 in
599 1764 705 1845 signis
739 1764 904 1845 turrigera
937 1763 1016 1828 ficta
1049 1768 1100 1827 est
1118 1762 1140 1844 l.
1195 1763 1321 1828 Eadem
1355 1763 1419 1828 dea

242 1866 395 1931 leonibus
432 1869 555 1952 stipata
592 1868 798 1951 cogitabatur
835 1871 892 1934 rel
928 1869 1049 1934 iisdem
1086 1874 1184 1934 vecta
1220 1871 1258 1932 in
1290 1868 1419 1933 tabulis

241 1973 381 2055 sculptis
413 1979 454 2056 ,et
490 1975 589 2057 pictis
627 1975 823 2058 fingabatur.
879 1975 974 2039 Idem
1011 1976 1136 2039 animal
1174 1974 1417 2039 attribuebatur

241 2079 333 2160 deae,
369 2099 453 2161 quae
488 2081 529 2144 ab
563 2081 827 2145 Atheniensibus
863 2077 986 2162 Μήτηρ
1019 2079 1113 2147 Θεῶν
1147 2076 1417 2164 appellabatur²l

240 2184 323 2248 Eius
346 2204 425 2249 vero
448 2187 619 2270 templum,
651 2185 821 2271 Μητρῷον
843 2187 1057 2269 appellatum,
1086 2186 1127 2250 ab
1151 2185 1416 2250 Atheniensibus

240 2293 277 2354 in
299 2291 473 2374 republica
496 2292 757 2356 administranda
779 2292 1007 2378 adhibebatur,
1032 2310 1109 2355 cum
1131 2309 1247 2356 omnes
1269 2291 1416 2354 civitatis

239 2399 333 2480 leges
356 2399 483 2462 tabulis
504 2400 682 2481 inscriptas
704 2399 754 2463 ibi
776 2398 990 2482 deponerent
1034 2397 1139 2462 Recte
1162 2399 1230 2460 iam
1245 2398 1310 2460 viri
1326 2397 1415 2461 docti

241 2503 461 2586 opinabantur
492 2504 581 2568 hunc
603 2502 720 2570 Matris
753 2502 890 2569 deorum
917 2504 1044 2568 cultum
1072 2522 1140 2568 non
1163 2503 1206 2566 ed
1227 2503 1413 2568 Asiaticam

239 2609 437 2691 religionem
468 2608 685 2672 referendum
714 2627 788 2673 esse
818 2608 878 2674 sed
904 2610 1073 2692 propriam
1094 2609 1132 2672 in
1154 2626 1193 2672 ec
1218 2608 1310 2672 cultu
1332 2609 1417 2672 anti·

241 2716 500 2797 quissimamque
532 2713 682 2778 eiusdem
711 2715 803 2796 deae,
838 2733 924 2797 quae
950 2714 1046 2778 Rhea
1074 2715 1128 2795 sit,
1160 2713 1302 2778 formam
1330 2731 1418 2776 com-

241 2839 373 2904 parere,
406 2839 490 2902 quae
526 2819 663 2886 Graecis
700 2841 768 2885 non
801 2821 902 2905 plane
938 2821 1049 2884 aliena
1078 2820 1188 2885 fuerit
1244 2818 1419 2903 Olympiae

241 2944 371 3007 quoque
402 2923 555 2990 Metroon
588 2930 670 3007 erat,
705 2927 792 3009 quod
820 2925 944 3010 Pelops
978 2925 1166 2990 condidisse
1201 2920 1347 3004 fertnr³)‚
1382 2928 1418 2988 et

238 3030 404 3095 Pindarus
438 3035 571 3115 praeter
592 3051 721 3114 ‚omnes
755 3031 835 3096 deos
864 3023 1028 3096 ‘Matrem'
1063 3028 1284 3112 honorabat4),
1318 3049 1418 3112 quam

240 3136 338 3200 deam
359 3138 571 3220 peregrinam
593 3137 697 3202 fuisse
721 3140 779 3202 vix
803 3138 963 3202 credibile
987 3143 1046 3202 est.

329 3242 451 3306 Adhuc
467 3243 601 3324 quidem
615 3244 801 3326 mythologi
816 3243 962 3308 nondum
978 3245 1052 3306 ausi
1066 3247 1146 3306 sunt
1167 3242 1254 3306 hanc
1275 3242 1413 3307 ¹deorum

240 3353 380 3414 matrem
414 3349 457 3412 ad
488 3347 631 3412 Dianam
663 3350 805 3430 referre,
845 3350 931 3430 quod
968 3350 1069 3413 huius
1106 3347 1190 3412 deae
1228 3348 1416 3421 secundum,

239 3455 411 3539 poetarum
432 3454 551 3518 ¹laudes
571 3456 797 3537 virginitatem
812 3456 981 3537 propriam
996 3473 1069 3517 esse
1086 3471 1201 3517 omnes
1218 3453 1410 3518 censebant.

241 3565 403 3642 attamen,
437 3579 512 3622 cum
544 3577 643 3643 supra
668 3557 797 3623 Dianae
827 3560 1048 3643 principalem
1077 3563 1231 3621 naturam
1257 3562 1417 3641 tanquam

240 3663 362 3728 Terrae
378 3665 495 3728 matris
512 3664 800 3746 explicaverimus,
823 3683 885 3748 per
907 3683 944 3728 se
966 3663 1174 3746 intellegitur
1198 3665 1300 3727 etiam
1321 3665 1416 3726 illam

315 3889 335 3955 ¹)
356 3892 392 3946 cf.
410 3891 566 3956 Prellcr‚
585 3891 674 3958 Myth.
694 3889 740 3945 Gr.
758 3890 780 3955 1,
799 3908 826 3958 p.
846 3890 907 3944 530.

315 3977 335 4047 ²)
356 3981 389 4034 α1.
410 3979 530 4045 (lonae,
548 3979 717 4047 Arcbaclcg.
735 3979 822 4048 Zeitg.
843 3977 921 4046 1880,
938 3978 1004 4034 fasc.
1023 3975 1044 4032 Ι.
1081 3977 1171 4032 Oarol.
1190 3976 1343 4041 Curtius,
1362 3975 1418 4029 Das

239 4067 376 4132 Metroon,
397 4065 474 4121 1868.

315 4153 334 4221 ⁸)
351 4154 382 4210 P.
402 4155 435 4220 V,
455 4153 498 4218 20,
519 4155 543 4208 5.

314 4240 336 4310 ⁴)
355 4243 390 4297 cf.
408 4241 492 4311 Pyth.
510 4241 559 4307 ΙΙΙ,
577 4259 604 4296 v.
619 4241 681 4296 137:
702 4234 755 4294 ἀλλ’
775 4236 945 4307 ἐπεύξασθαι
962 4237 1011 4307 μὲν
1029 4237 1097 4308 ἐγών
1115 4235 1200 4292 ἐθέλω
1221 4238 1225 4303 1
1246 4237 1348 4304 Ματρί,
1366 4234 1419 4290 τᾶν

240 4329 338 4396 κοῦραι
355 4323 417 4395 παρ’
438 4323 503 4394 ἐμὸν
514 4324 659 4397 πρόθυρον
677 4323 727 4380 σὺν
739 4325 812 4380 Πανὶ
823 4324 969 4393 μέλπονται
979 4323 1062 4392 θαμὰ
1076 4326 1081 4392 1
1096 4321 1196 4391 σεμνὰν
1206 4322 1275 4378 θεὸν
1286 4320 1417 4392 ἐννύχιαι·

240 4415 275 4470 cf.
294 4415 429 4471 Boeckh
448 4414 528 4484 Expl.
548 4413 628 4469 Pind.
647 4433 675 4484 p·
695 4415 756 4469 314.

1187 4519 1202 4568 7
