<?xml version="1.0" encoding="UTF-8"?>
<!DOCTYPE html PUBLIC "-//W3C//DTD XHTML 1.0 Transitional//EN"
    "http://www.w3.org/TR/xhtml1/DTD/xhtml1-transitional.dtd">
<html xmlns="http://www.w3.org/1999/xhtml" xml:lang="en" lang="en">
 <head>
  <title>
</title>
<meta http-equiv="Content-Type" content="text/html;charset=utf-8" />
  <meta name='ocr-system' content='tesseract 3.04.00' />
  <meta name='ocr-capabilities' content='ocr_page ocr_carea ocr_par ocr_line ocrx_word'/>
</head>
<body>
  <div class='ocr_page' id='page_1' title='image "./dedianaeantiqui01claugoog_0073.png"; bbox 0 0 3367 5192; ppageno 0'>
   <div class='ocr_carea' id='block_1_1' title="bbox 794 351 838 412">
    <p class='ocr_par' dir='ltr' id='par_1_1' title="bbox 794 351 838 412">
     <span class='ocr_line' id='line_1_1' title="bbox 794 351 838 412; baseline 0 0"><span class='ocrx_word' id='word_1_1' title='bbox 794 351 838 412; x_wconf 80' lang='grc'><strong>65</strong></span> 
     </span>
    </p>
   </div>
   <div class='ocr_carea' id='block_1_2' title="bbox 231 553 1411 4240">
    <p class='ocr_par' dir='ltr' id='par_1_2' title="bbox 231 553 1409 3715">
     <span class='ocr_line' id='line_1_2' title="bbox 232 553 1405 640; baseline 0.007 -20"><span class='ocrx_word' id='word_1_2' title='bbox 232 557 526 637; x_wconf 75' lang='lat' dir='ltr'><strong>maturitatemque</strong></span> <span class='ocrx_word' id='word_1_3' title='bbox 561 557 785 639; x_wconf 86' lang='lat' dir='ltr'><strong>adsequantur</strong></span> <span class='ocrx_word' id='word_1_4' title='bbox 819 578 905 640; x_wconf 82' lang='lat' dir='ltr'><strong>quae</strong></span> <span class='ocrx_word' id='word_1_5' title='bbox 939 560 1091 624; x_wconf 88' lang='lat' dir='ltr'><strong>oriuntur</strong></span> <span class='ocrx_word' id='word_1_6' title='bbox 1124 579 1143 624; x_wconf 92' lang='lat' dir='ltr'><strong>e</strong></span> <span class='ocrx_word' id='word_1_7' title='bbox 1176 553 1284 626; x_wconf 82' lang='lat' dir='ltr'><strong>terra&#39;.</strong></span> <span class='ocrx_word' id='word_1_8' title='bbox 1339 559 1405 628; x_wconf 84' lang='lat' dir='ltr'><strong>Sed</strong></span> 
     </span>
     <span class='ocr_line' id='line_1_3' title="bbox 234 662 1406 750; baseline 0.003 -24"><span class='ocrx_word' id='word_1_9' title='bbox 234 664 484 743; x_wconf 85' lang='lat' dir='ltr'><strong>antiquissimas</strong></span> <span class='ocrx_word' id='word_1_10' title='bbox 499 662 576 726; x_wconf 84' lang='lat' dir='ltr'><strong>illas</strong></span> <span class='ocrx_word' id='word_1_11' title='bbox 592 667 718 746; x_wconf 86' lang='lat' dir='ltr'><strong>gentes,</strong></span> <span class='ocrx_word' id='word_1_12' title='bbox 734 683 819 746; x_wconf 88' lang='lat' dir='ltr'><strong>quae</strong></span> <span class='ocrx_word' id='word_1_13' title='bbox 835 665 963 730; x_wconf 89' lang='lat' dir='ltr'><strong>Dianae</strong></span> <span class='ocrx_word' id='word_1_14' title='bbox 982 683 1104 730; x_wconf 89' lang='lat' dir='ltr'><strong>numen</strong></span> <span class='ocrx_word' id='word_1_15' title='bbox 1122 667 1406 750; x_wconf 81' lang='lat' dir='ltr'><strong>excogitavenmt,</strong></span> 
     </span>
     <span class='ocr_line' id='line_1_4' title="bbox 233 769 1406 855; baseline 0.003 -23"><span class='ocrx_word' id='word_1_16' title='bbox 233 769 356 832; x_wconf 39' lang='lat' dir='ltr'><strong>eadem&gt;</strong></span> <span class='ocrx_word' id='word_1_17' title='bbox 379 770 525 835; x_wconf 79' lang='lat' dir='ltr'><strong>semisse</strong></span> <span class='ocrx_word' id='word_1_18' title='bbox 554 771 614 834; x_wconf 83' lang='lat' dir='ltr'><strong>vix</strong></span> <span class='ocrx_word' id='word_1_19' title='bbox 644 770 804 834; x_wconf 79' lang='lat' dir='ltr'>credibile</span> <span class='ocrx_word' id='word_1_20' title='bbox 835 776 894 854; x_wconf 88' lang='lat' dir='ltr'><strong>eet,</strong></span> <span class='ocrx_word' id='word_1_21' title='bbox 923 773 1121 855; x_wconf 88' lang='lat' dir='ltr'><strong>praesertim</strong></span> <span class='ocrx_word' id='word_1_22' title='bbox 1147 791 1223 838; x_wconf 87' lang='lat' dir='ltr'><strong>cnm</strong></span> <span class='ocrx_word' id='word_1_23' title='bbox 1248 774 1286 836; x_wconf 90' lang='lat' dir='ltr'><strong>in</strong></span> <span class='ocrx_word' id='word_1_24' title='bbox 1311 776 1406 836; x_wconf 89' lang='lat' dir='ltr'><strong>vetu-</strong></span> 
     </span>
     <span class='ocr_line' id='line_1_5' title="bbox 233 873 1407 943; baseline 0.004 -6"><span class='ocrx_word' id='word_1_25' title='bbox 233 875 388 938; x_wconf 83' lang='lat' dir='ltr'><strong>stissimis</strong></span> <span class='ocrx_word' id='word_1_26' title='bbox 404 875 446 938; x_wconf 91' lang='lat' dir='ltr'><strong>de</strong></span> <span class='ocrx_word' id='word_1_27' title='bbox 468 875 531 938; x_wconf 85' lang='lat' dir='ltr'><strong>hac</strong></span> <span class='ocrx_word' id='word_1_28' title='bbox 545 873 673 940; x_wconf 86' lang='lat' dir='ltr'><strong>Dianae</strong></span> <span class='ocrx_word' id='word_1_29' title='bbox 696 880 815 940; x_wconf 89' lang='lat' dir='ltr'><strong>natura</strong></span> <span class='ocrx_word' id='word_1_30' title='bbox 829 878 1030 943; x_wconf 81' lang='lat' dir='ltr'><strong>testimoniis</strong></span> <span class='ocrx_word' id='word_1_31' title='bbox 1053 879 1191 942; x_wconf 90' lang='lat' dir='ltr'><strong>minime</strong></span> <span class='ocrx_word' id='word_1_32' title='bbox 1212 878 1313 943; x_wconf 88' lang='lat' dir='ltr'><strong>lunae</strong></span> <span class='ocrx_word' id='word_1_33' title='bbox 1334 878 1407 942; x_wconf 86' lang='lat' dir='ltr'><strong>ulla</strong></span> 
     </span>
     <span class='ocr_line' id='line_1_6' title="bbox 232 981 1406 1065; baseline 0.004 -23"><span class='ocrx_word' id='word_1_34' title='bbox 232 983 357 1046; x_wconf 91' lang='lat' dir='ltr'><strong>mentio</strong></span> <span class='ocrx_word' id='word_1_35' title='bbox 381 981 470 1046; x_wconf 86' lang='lat' dir='ltr'><strong>facta</strong></span> <span class='ocrx_word' id='word_1_36' title='bbox 492 983 546 1046; x_wconf 84' lang='lat' dir='ltr'><strong>sit.</strong></span> <span class='ocrx_word' id='word_1_37' title='bbox 590 982 721 1047; x_wconf 89' lang='lat' dir='ltr'><strong>Deinde</strong></span> <span class='ocrx_word' id='word_1_38' title='bbox 746 986 871 1064; x_wconf 89' lang='lat' dir='ltr'><strong>nostra,</strong></span> <span class='ocrx_word' id='word_1_39' title='bbox 900 1002 965 1065; x_wconf 87' lang='lat' dir='ltr'><strong>qna</strong></span> <span class='ocrx_word' id='word_1_40' title='bbox 987 984 1074 1050; x_wconf 89' lang='lat' dir='ltr'><strong>hanc</strong></span> <span class='ocrx_word' id='word_1_41' title='bbox 1096 983 1226 1050; x_wconf 85' lang='lat' dir='ltr'><strong>Dianae</strong></span> <span class='ocrx_word' id='word_1_42' title='bbox 1252 988 1406 1049; x_wconf 84' lang='lat' dir='ltr'><strong>naturam</strong></span> 
     </span>
     <span class='ocr_line' id='line_1_7' title="bbox 234 1088 1406 1172; baseline -0.001 -19"><span class='ocrx_word' id='word_1_43' title='bbox 234 1089 452 1168; x_wconf 78' lang='lat' dir='ltr'><strong>explicamus,</strong></span> <span class='ocrx_word' id='word_1_44' title='bbox 485 1088 570 1150; x_wconf 87' lang='lat' dir='ltr'><strong>ratio</strong></span> <span class='ocrx_word' id='word_1_45' title='bbox 604 1088 844 1172; x_wconf 76' lang='lat' dir='ltr'><strong>perspicuitate</strong></span> <span class='ocrx_word' id='word_1_46' title='bbox 874 1089 949 1172; x_wconf 85' lang='lat' dir='ltr'><strong>ipsa</strong></span> <span class='ocrx_word' id='word_1_47' title='bbox 980 1091 1062 1155; x_wconf 85' lang='lat' dir='ltr'><strong>eatis</strong></span> <span class='ocrx_word' id='word_1_48' title='bbox 1095 1088 1344 1154; x_wconf 83' lang='lat' dir='ltr'><strong>commendatur</strong></span> <span class='ocrx_word' id='word_1_49' title='bbox 1370 1092 1406 1152; x_wconf 92' lang='lat' dir='ltr'><strong>et</strong></span> 
     </span>
     <span class='ocr_line' id='line_1_8' title="bbox 233 1193 1406 1278; baseline -0.003 -19"><span class='ocrx_word' id='word_1_50' title='bbox 233 1213 364 1259; x_wconf 83' lang='lat' dir='ltr'><strong>conexu</strong></span> <span class='ocrx_word' id='word_1_51' title='bbox 392 1195 598 1276; x_wconf 81' lang='lat' dir='ltr'><strong>singularum</strong></span> <span class='ocrx_word' id='word_1_52' title='bbox 629 1193 711 1258; x_wconf 85' lang='lat' dir='ltr'><strong>deae</strong></span> <span class='ocrx_word' id='word_1_53' title='bbox 740 1195 903 1258; x_wconf 89' lang='lat' dir='ltr'><strong>virtutum</strong></span> <span class='ocrx_word' id='word_1_54' title='bbox 929 1197 1053 1278; x_wconf 91' lang='lat' dir='ltr'><strong>optime</strong></span> <span class='ocrx_word' id='word_1_55' title='bbox 1081 1197 1238 1260; x_wconf 86' lang='lat' dir='ltr'><strong>munitur.</strong></span> <span class='ocrx_word' id='word_1_56' title='bbox 1284 1194 1406 1259; x_wconf 81' lang='lat' dir='ltr'><strong>Contra</strong></span> 
     </span>
     <span class='ocr_line' id='line_1_9' title="bbox 233 1297 1405 1384; baseline 0.001 -21"><span class='ocrx_word' id='word_1_57' title='bbox 233 1319 331 1381; x_wconf 89' lang='lat' dir='ltr'><strong>quam</strong></span> <span class='ocrx_word' id='word_1_58' title='bbox 359 1319 519 1384; x_wconf 86' lang='lat' dir='ltr'><strong>perverse</strong></span> <span class='ocrx_word' id='word_1_59' title='bbox 542 1298 739 1365; x_wconf 83' lang='lat' dir='ltr'><strong>Welolrerue</strong></span> <span class='ocrx_word' id='word_1_60' title='bbox 769 1301 858 1364; x_wconf 88' lang='lat' dir='ltr'><strong>hanc</strong></span> <span class='ocrx_word' id='word_1_61' title='bbox 884 1300 1011 1365; x_wconf 85' lang='lat' dir='ltr'><strong>Dianae</strong></span> <span class='ocrx_word' id='word_1_62' title='bbox 1042 1297 1301 1384; x_wconf 80' lang='lat' dir='ltr'><strong>vim&#39;explicat,</strong></span> <span class='ocrx_word' id='word_1_63' title='bbox 1330 1320 1405 1364; x_wconf 90' lang='lat' dir='ltr'><strong>cum</strong></span> 
     </span>
     <span class='ocr_line' id='line_1_10' title="bbox 233 1398 1404 1490; baseline 0.001 -21"><span class='ocrx_word' id='word_1_64' title='bbox 233 1406 322 1471; x_wconf 88' lang='lat' dir='ltr'><strong>dicat</strong></span> <span class='ocrx_word' id='word_1_65' title='bbox 349 1404 418 1489; x_wconf 81' lang='lat' dir='ltr'><strong>(Th.</strong></span> <span class='ocrx_word' id='word_1_66' title='bbox 442 1403 496 1469; x_wconf 85' lang='lat' dir='ltr'><strong>Gr.</strong></span> <span class='ocrx_word' id='word_1_67' title='bbox 520 1402 563 1488; x_wconf 82' lang='grc' dir='ltr'><strong>Π,</strong></span> <span class='ocrx_word' id='word_1_68' title='bbox 592 1424 622 1488; x_wconf 90' lang='lat' dir='ltr'><strong>p.</strong></span> <span class='ocrx_word' id='word_1_69' title='bbox 646 1403 738 1486; x_wconf 71' lang='lat' dir='ltr'><strong>leel:</strong></span> <span class='ocrx_word' id='word_1_70' title='bbox 764 1398 866 1470; x_wconf 77' lang='lat' dir='ltr'><strong>‘Eine</strong></span> <span class='ocrx_word' id='word_1_71' title='bbox 893 1400 993 1471; x_wconf 85' lang='lat' dir='ltr'><strong>dritta</strong></span> <span class='ocrx_word' id='word_1_72' title='bbox 1024 1425 1138 1489; x_wconf 86' lang='lat' dir='ltr'><strong>grosse</strong></span> <span class='ocrx_word' id='word_1_73' title='bbox 1160 1405 1287 1470; x_wconf 82' lang='lat' dir='ltr'><strong>Whrde</strong></span> <span class='ocrx_word' id='word_1_74' title='bbox 1315 1409 1404 1490; x_wconf 87' lang='lat' dir='ltr'><strong>ging,</strong></span> 
     </span>
     <span class='ocr_line' id='line_1_11' title="bbox 231 1511 1406 1580; baseline -0.001 -4"><span class='ocrx_word' id='word_1_75' title='bbox 231 1513 396 1577; x_wconf 86' lang='lat' dir='ltr'><strong>nachdem</strong></span> <span class='ocrx_word' id='word_1_76' title='bbox 432 1513 487 1578; x_wconf 90' lang='lat' dir='ltr'><strong>die</strong></span> <span class='ocrx_word' id='word_1_77' title='bbox 522 1511 720 1577; x_wconf 86' lang='lat' dir='ltr'><strong>Herrschaft</strong></span> <span class='ocrx_word' id='word_1_78' title='bbox 759 1514 817 1579; x_wconf 90' lang='lat' dir='ltr'><strong>des</strong></span> <span class='ocrx_word' id='word_1_79' title='bbox 851 1513 1052 1578; x_wconf 80' lang='lat' dir='ltr'><strong>Mondlichts</strong></span> <span class='ocrx_word' id='word_1_80' title='bbox 1091 1512 1152 1576; x_wconf 84' lang='lat' dir='ltr'><strong>anf</strong></span> <span class='ocrx_word' id='word_1_81' title='bbox 1183 1515 1233 1579; x_wconf 89' lang='lat' dir='ltr'><strong>sie</strong></span> <span class='ocrx_word' id='word_1_82' title='bbox 1267 1513 1406 1580; x_wconf 73' lang='lat' dir='ltr'><strong>amucl-</strong></span> 
     </span>
     <span class='ocr_line' id='line_1_12' title="bbox 233 1617 1406 1702; baseline -0.002 -18"><span class='ocrx_word' id='word_1_83' title='bbox 233 1619 394 1702; x_wconf 85' lang='lat' dir='ltr'><strong>gebracht</strong></span> <span class='ocrx_word' id='word_1_84' title='bbox 423 1617 465 1700; x_wconf 73' lang='lat' dir='ltr'><strong>(t)</strong></span> <span class='ocrx_word' id='word_1_85' title='bbox 492 1639 574 1700; x_wconf 82' lang='lat' dir='ltr'><strong>war,</strong></span> <span class='ocrx_word' id='word_1_86' title='bbox 607 1619 667 1682; x_wconf 85' lang='lat' dir='ltr'><strong>anf</strong></span> <span class='ocrx_word' id='word_1_87' title='bbox 694 1620 749 1684; x_wconf 92' lang='lat' dir='ltr'><strong>die</strong></span> <span class='ocrx_word' id='word_1_88' title='bbox 781 1621 929 1684; x_wconf 83' lang='lat' dir='ltr'><strong>lreusche</strong></span> <span class='ocrx_word' id='word_1_89' title='bbox 960 1619 1098 1702; x_wconf 77' lang='lat' dir='ltr'><strong>Jbgerin</strong></span> <span class='ocrx_word' id='word_1_90' title='bbox 1129 1618 1214 1684; x_wconf 78' lang='lat' dir='ltr'><strong>uber</strong></span> <span class='ocrx_word' id='word_1_91' title='bbox 1244 1637 1311 1682; x_wconf 87' lang='lat' dir='ltr'><strong>von</strong></span> <span class='ocrx_word' id='word_1_92' title='bbox 1340 1617 1406 1682; x_wconf 91' lang='lat' dir='ltr'><strong>den</strong></span> 
     </span>
     <span class='ocr_line' id='line_1_13' title="bbox 232 1723 1407 1808; baseline 0 -20"><span class='ocrx_word' id='word_1_93' title='bbox 232 1723 518 1807; x_wconf 81' lang='lat' dir='ltr'><strong>Mondgbttinnen,</strong></span> <span class='ocrx_word' id='word_1_94' title='bbox 541 1727 605 1790; x_wconf 85' lang='lat' dir='ltr'><strong>wie</strong></span> <span class='ocrx_word' id='word_1_95' title='bbox 627 1727 663 1790; x_wconf 87' lang='lat' dir='ltr'><strong>in</strong></span> <span class='ocrx_word' id='word_1_96' title='bbox 678 1725 828 1792; x_wconf 88' lang='lat' dir='ltr'><strong>Brauron</strong></span> <span class='ocrx_word' id='word_1_97' title='bbox 841 1725 911 1791; x_wconf 91' lang='lat' dir='ltr'><strong>und</strong></span> <span class='ocrx_word' id='word_1_98' title='bbox 926 1725 1117 1808; x_wconf 81' lang='lat' dir='ltr'><strong>Monychia,</strong></span> <span class='ocrx_word' id='word_1_99' title='bbox 1141 1725 1197 1790; x_wconf 89' lang='lat' dir='ltr'><strong>die</strong></span> <span class='ocrx_word' id='word_1_100' title='bbox 1213 1724 1407 1790; x_wconf 80' lang='lat' dir='ltr'><strong>Geburte·</strong></span> 
     </span>
     <span class='ocr_line' id='line_1_14' title="bbox 233 1822 1407 1896; baseline 0 -2"><span class='ocrx_word' id='word_1_101' title='bbox 233 1822 363 1896; x_wconf 83' lang='lat' dir='ltr'><strong>hilfel’</strong></span> <span class='ocrx_word' id='word_1_102' title='bbox 421 1829 570 1896; x_wconf 85' lang='lat' dir='ltr'><strong>Primum</strong></span> <span class='ocrx_word' id='word_1_103' title='bbox 603 1829 789 1895; x_wconf 89' lang='lat' dir='ltr'><strong>Brauronia</strong></span> <span class='ocrx_word' id='word_1_104' title='bbox 826 1832 889 1896; x_wconf 87' lang='lat' dir='ltr'><strong>dea</strong></span> <span class='ocrx_word' id='word_1_105' title='bbox 925 1850 991 1896; x_wconf 93' lang='lat' dir='ltr'><strong>non</strong></span> <span class='ocrx_word' id='word_1_106' title='bbox 1024 1833 1151 1895; x_wconf 75' lang='lat' dir='ltr'><strong>lunens</strong></span> <span class='ocrx_word' id='word_1_107' title='bbox 1186 1834 1250 1896; x_wconf 88' lang='lat' dir='ltr'><strong>est:</strong></span> <span class='ocrx_word' id='word_1_108' title='bbox 1285 1829 1407 1895; x_wconf 83' lang='lat' dir='ltr'><strong>delnde</strong></span> 
     </span>
     <span class='ocr_line' id='line_1_15' title="bbox 235 1935 1407 2020; baseline 0 -20"><span class='ocrx_word' id='word_1_109' title='bbox 235 1936 395 2018; x_wconf 90' lang='lat' dir='ltr'><strong>quomodo</strong></span> <span class='ocrx_word' id='word_1_110' title='bbox 410 1938 575 2020; x_wconf 83' lang='lat' dir='ltr'><strong>virginem</strong></span> <span class='ocrx_word' id='word_1_111' title='bbox 591 1940 797 2002; x_wconf 80' lang='lat' dir='ltr'><strong>venatricem</strong></span> <span class='ocrx_word' id='word_1_112' title='bbox 813 1937 1002 2002; x_wconf 89' lang='lat' dir='ltr'><strong>obstetricis</strong></span> <span class='ocrx_word' id='word_1_113' title='bbox 1019 1938 1117 2017; x_wconf 85' lang='lat' dir='ltr'><strong>quasi</strong></span> <span class='ocrx_word' id='word_1_114' title='bbox 1132 1935 1242 2000; x_wconf 88' lang='lat' dir='ltr'><strong>officio</strong></span> <span class='ocrx_word' id='word_1_115' title='bbox 1257 1935 1407 2000; x_wconf 76' lang='lat' dir='ltr'><strong>functam</strong></span> 
     </span>
     <span class='ocr_line' id='line_1_16' title="bbox 235 2035 1406 2126; baseline -0.003 -19"><span class='ocrx_word' id='word_1_116' title='bbox 235 2062 309 2108; x_wconf 86' lang='lat' dir='ltr'><strong>ease</strong></span> <span class='ocrx_word' id='word_1_117' title='bbox 345 2045 485 2126; x_wconf 84' lang='lat' dir='ltr'><strong>cogitari</strong></span> <span class='ocrx_word' id='word_1_118' title='bbox 515 2045 650 2126; x_wconf 79' lang='lat' dir='ltr'><strong>potest?</strong></span> <span class='ocrx_word' id='word_1_119' title='bbox 701 2035 800 2108; x_wconf 85' lang='lat' dir='ltr'><strong>‘Dem</strong></span> <span class='ocrx_word' id='word_1_120' title='bbox 837 2043 1045 2123; x_wconf 86' lang='lat' dir='ltr'><strong>mystischen</strong></span> <span class='ocrx_word' id='word_1_121' title='bbox 1079 2041 1203 2106; x_wconf 78' lang='lat' dir='ltr'><strong>Gefdhl</strong></span> <span class='ocrx_word' id='word_1_122' title='bbox 1240 2060 1309 2105; x_wconf 87' lang='lat' dir='ltr'><strong>war</strong></span> <span class='ocrx_word' id='word_1_123' title='bbox 1347 2041 1406 2105; x_wconf 83' lang='lat' dir='ltr'><strong>dae</strong></span> 
     </span>
     <span class='ocr_line' id='line_1_17' title="bbox 234 2138 1404 2232; baseline -0.004 -18"><span class='ocrx_word' id='word_1_124' title='bbox 234 2149 410 2214; x_wconf 85' lang='lat' dir='ltr'><strong>scheinbar</strong></span> <span class='ocrx_word' id='word_1_125' title='bbox 440 2148 764 2232; x_wconf 89' lang='lat' dir='ltr'><strong>Widersprechende</strong></span> <span class='ocrx_word' id='word_1_126' title='bbox 803 2150 885 2214; x_wconf 88' lang='lat' dir='ltr'><strong>eher</strong></span> <span class='ocrx_word' id='word_1_127' title='bbox 921 2148 1088 2231; x_wconf 85' lang='lat' dir='ltr'><strong>zusagend</strong></span> <span class='ocrx_word' id='word_1_128' title='bbox 1134 2148 1184 2211; x_wconf 89' lang='lat' dir='ltr'><strong>als</strong></span> <span class='ocrx_word' id='word_1_129' title='bbox 1223 2138 1404 2228; x_wconf 80' lang='lat' dir='ltr'><strong>anstbseig,&#39;</strong></span> 
     </span>
     <span class='ocr_line' id='line_1_18' title="bbox 235 2251 1405 2340; baseline -0.003 -21"><span class='ocrx_word' id='word_1_130' title='bbox 235 2257 321 2338; x_wconf 89' lang='lat' dir='ltr'><strong>quod</strong></span> <span class='ocrx_word' id='word_1_131' title='bbox 357 2253 528 2321; x_wconf 84' lang='lat' dir='ltr'><strong>Welclreri</strong></span> <span class='ocrx_word' id='word_1_132' title='bbox 561 2275 757 2340; x_wconf 88' lang='lat' dir='ltr'><strong>responsum</strong></span> <span class='ocrx_word' id='word_1_133' title='bbox 794 2256 1013 2339; x_wconf 76' lang='lat' dir='ltr'><strong>improbabile</strong></span> <span class='ocrx_word' id='word_1_134' title='bbox 1050 2253 1193 2317; x_wconf 83' lang='lat' dir='ltr'><strong>videtur.</strong></span> <span class='ocrx_word' id='word_1_135' title='bbox 1252 2251 1405 2332; x_wconf 87' lang='lat' dir='ltr'><strong>Denique</strong></span> 
     </span>
     <span class='ocr_line' id='line_1_19' title="bbox 233 2358 1405 2446; baseline -0.003 -22"><span class='ocrx_word' id='word_1_136' title='bbox 233 2361 320 2443; x_wconf 85' lang='lat' dir='ltr'><strong>Deli,</strong></span> <span class='ocrx_word' id='word_1_137' title='bbox 347 2361 407 2426; x_wconf 88' lang='lat' dir='ltr'><strong>ubi</strong></span> <span class='ocrx_word' id='word_1_138' title='bbox 436 2363 496 2426; x_wconf 85' lang='lat' dir='ltr'><strong>illa</strong></span> <span class='ocrx_word' id='word_1_139' title='bbox 518 2361 632 2427; x_wconf 83' lang='lat' dir='ltr'><strong>Letoia</strong></span> <span class='ocrx_word' id='word_1_140' title='bbox 655 2362 762 2426; x_wconf 91' lang='lat' dir='ltr'><strong>Diana</strong></span> <span class='ocrx_word' id='word_1_141' title='bbox 789 2364 883 2444; x_wconf 88' lang='lat' dir='ltr'><strong>virgo</strong></span> <span class='ocrx_word' id='word_1_142' title='bbox 911 2366 1027 2446; x_wconf 87' lang='lat' dir='ltr'><strong>postea</strong></span> <span class='ocrx_word' id='word_1_143' title='bbox 1056 2361 1203 2424; x_wconf 88' lang='lat' dir='ltr'><strong>maxime</strong></span> <span class='ocrx_word' id='word_1_144' title='bbox 1226 2358 1405 2437; x_wconf 86' lang='lat' dir='ltr'><strong>colebatur,</strong></span> 
     </span>
     <span class='ocr_line' id='line_1_20' title="bbox 234 2463 1408 2550; baseline -0.005 -19"><span class='ocrx_word' id='word_1_145' title='bbox 234 2467 361 2532; x_wconf 88' lang='lat' dir='ltr'><strong>Dianae</strong></span> <span class='ocrx_word' id='word_1_146' title='bbox 384 2467 543 2549; x_wconf 87' lang='lat' dir='ltr'><strong>Ilithyiae</strong></span> <span class='ocrx_word' id='word_1_147' title='bbox 568 2469 676 2533; x_wconf 86' lang='lat' dir='ltr'><strong>cultus</strong></span> <span class='ocrx_word' id='word_1_148' title='bbox 701 2470 953 2550; x_wconf 86' lang='lat' dir='ltr'><strong>antiquissimus</strong></span> <span class='ocrx_word' id='word_1_149' title='bbox 977 2470 1057 2548; x_wconf 89' lang='lat' dir='ltr'><strong>erat,</strong></span> <span class='ocrx_word' id='word_1_150' title='bbox 1085 2484 1196 2547; x_wconf 91' lang='lat' dir='ltr'><strong>neque</strong></span> <span class='ocrx_word' id='word_1_151' title='bbox 1227 2484 1272 2528; x_wconf 84' lang='lat' dir='ltr'><strong>ex</strong></span> <span class='ocrx_word' id='word_1_152' title='bbox 1294 2463 1408 2528; x_wconf 80' lang='lat' dir='ltr'><strong>AttIca</strong></span> 
     </span>
     <span class='ocr_line' id='line_1_21' title="bbox 236 2572 1406 2657; baseline -0.003 -19"><span class='ocrx_word' id='word_1_153' title='bbox 236 2575 344 2638; x_wconf 87' lang='lat' dir='ltr'><strong>aliave</strong></span> <span class='ocrx_word' id='word_1_154' title='bbox 374 2573 534 2638; x_wconf 79' lang='lat' dir='ltr'><strong>Graeciae</strong></span> <span class='ocrx_word' id='word_1_155' title='bbox 564 2576 701 2657; x_wconf 81' lang='lat' dir='ltr'><strong>regione</strong></span> <span class='ocrx_word' id='word_1_156' title='bbox 731 2574 887 2638; x_wconf 71' lang='lat' dir='ltr'><strong>adscitam.</strong></span> <span class='ocrx_word' id='word_1_157' title='bbox 938 2572 1055 2655; x_wconf 90' lang='lat' dir='ltr'><strong>Itaque</strong></span> <span class='ocrx_word' id='word_1_158' title='bbox 1086 2573 1149 2636; x_wconf 86' lang='lat' dir='ltr'><strong>hac</strong></span> <span class='ocrx_word' id='word_1_159' title='bbox 1176 2573 1304 2635; x_wconf 88' lang='lat' dir='ltr'><strong>ratione</strong></span> <span class='ocrx_word' id='word_1_160' title='bbox 1335 2588 1406 2634; x_wconf 84' lang='lat' dir='ltr'><strong>rem</strong></span> 
     </span>
     <span class='ocr_line' id='line_1_22' title="bbox 236 2675 1406 2764; baseline -0.005 -20"><span class='ocrx_word' id='word_1_161' title='bbox 236 2681 468 2764; x_wconf 81' lang='lat' dir='ltr'><strong>explicandam</strong></span> <span class='ocrx_word' id='word_1_162' title='bbox 493 2699 566 2745; x_wconf 88' lang='lat' dir='ltr'><strong>esse</strong></span> <span class='ocrx_word' id='word_1_163' title='bbox 591 2699 724 2744; x_wconf 89' lang='lat' dir='ltr'><strong>censeo:</strong></span> <span class='ocrx_word' id='word_1_164' title='bbox 749 2680 857 2744; x_wconf 87' lang='lat' dir='ltr'><strong>Diana</strong></span> <span class='ocrx_word' id='word_1_165' title='bbox 881 2699 956 2744; x_wconf 91' lang='lat' dir='ltr'><strong>cum</strong></span> <span class='ocrx_word' id='word_1_166' title='bbox 977 2680 1140 2762; x_wconf 88' lang='lat' dir='ltr'><strong>paulatim</strong></span> <span class='ocrx_word' id='word_1_167' title='bbox 1153 2679 1189 2740; x_wconf 90' lang='lat' dir='ltr'><strong>in</strong></span> <span class='ocrx_word' id='word_1_168' title='bbox 1206 2675 1406 2740; x_wconf 81' lang='lat' dir='ltr'><strong>Graecorum</strong></span> 
     </span>
     <span class='ocr_line' id='line_1_23' title="bbox 234 2781 1408 2870; baseline -0.006 -21"><span class='ocrx_word' id='word_1_169' title='bbox 234 2787 397 2870; x_wconf 87' lang='lat' dir='ltr'><strong>religione</strong></span> <span class='ocrx_word' id='word_1_170' title='bbox 429 2788 569 2868; x_wconf 88' lang='lat' dir='ltr'><strong>virginis</strong></span> <span class='ocrx_word' id='word_1_171' title='bbox 599 2788 747 2870; x_wconf 79' lang='lat' dir='ltr'><strong>spectem</strong></span> <span class='ocrx_word' id='word_1_172' title='bbox 773 2786 912 2850; x_wconf 86' lang='lat' dir='ltr'><strong>induere</strong></span> <span class='ocrx_word' id='word_1_173' title='bbox 937 2786 1112 2868; x_wconf 87' lang='lat' dir='ltr'><strong>coepisset,</strong></span> <span class='ocrx_word' id='word_1_174' title='bbox 1142 2783 1184 2846; x_wconf 91' lang='lat' dir='ltr'><strong>ad</strong></span> <span class='ocrx_word' id='word_1_175' title='bbox 1210 2781 1296 2845; x_wconf 90' lang='lat' dir='ltr'><strong>illud</strong></span> <span class='ocrx_word' id='word_1_176' title='bbox 1323 2781 1408 2844; x_wconf 88' lang='lat' dir='ltr'><strong>anti·</strong></span> 
     </span>
     <span class='ocr_line' id='line_1_24' title="bbox 235 2889 1408 2973; baseline -0.007 -17"><span class='ocrx_word' id='word_1_177' title='bbox 235 2893 433 2972; x_wconf 82' lang='lat' dir='ltr'><strong>quissimum</strong></span> <span class='ocrx_word' id='word_1_178' title='bbox 456 2892 603 2956; x_wconf 88' lang='lat' dir='ltr'><strong>officium</strong></span> <span class='ocrx_word' id='word_1_179' title='bbox 625 2897 783 2973; x_wconf 83' lang='lat' dir='ltr'><strong>tanquam</strong></span> <span class='ocrx_word' id='word_1_180' title='bbox 806 2891 1036 2956; x_wconf 86' lang='lat' dir='ltr'><strong>obstetricium</strong></span> <span class='ocrx_word' id='word_1_181' title='bbox 1059 2892 1170 2954; x_wconf 89' lang='lat' dir='ltr'><strong>minus</strong></span> <span class='ocrx_word' id='word_1_182' title='bbox 1193 2889 1314 2952; x_wconf 90' lang='lat' dir='ltr'><strong>idonea</strong></span> <span class='ocrx_word' id='word_1_183' title='bbox 1333 2904 1408 2949; x_wconf 88' lang='lat' dir='ltr'><strong>esse</strong></span> 
     </span>
     <span class='ocr_line' id='line_1_25' title="bbox 236 2994 1408 3082; baseline -0.004 -22"><span class='ocrx_word' id='word_1_184' title='bbox 236 3000 309 3062; x_wconf 84' lang='lat' dir='ltr'><strong>risa</strong></span> <span class='ocrx_word' id='word_1_185' title='bbox 333 3003 393 3082; x_wconf 89' lang='lat' dir='ltr'><strong>est,</strong></span> <span class='ocrx_word' id='word_1_186' title='bbox 418 3017 519 3080; x_wconf 85' lang='lat' dir='ltr'><strong>quare</strong></span> <span class='ocrx_word' id='word_1_187' title='bbox 542 2999 627 3061; x_wconf 87' lang='lat' dir='ltr'><strong>hanc</strong></span> <span class='ocrx_word' id='word_1_188' title='bbox 642 2997 770 3062; x_wconf 90' lang='lat' dir='ltr'><strong>Dianae</strong></span> <span class='ocrx_word' id='word_1_189' title='bbox 786 2998 969 3081; x_wconf 86' lang='lat' dir='ltr'><strong>genitalem</strong></span> <span class='ocrx_word' id='word_1_190' title='bbox 983 3000 1138 3061; x_wconf 68' lang='lat' dir='ltr'><strong>naamam</strong></span> <span class='ocrx_word' id='word_1_191' title='bbox 1152 2997 1189 3059; x_wconf 91' lang='lat' dir='ltr'><strong>in</strong></span> <span class='ocrx_word' id='word_1_192' title='bbox 1202 2994 1408 3077; x_wconf 88' lang='lat' dir='ltr'><strong>peculiarem</strong></span> 
     </span>
     <span class='ocr_line' id='line_1_26' title="bbox 235 3098 1407 3187; baseline -0.008 -19"><span class='ocrx_word' id='word_1_193' title='bbox 235 3106 382 3168; x_wconf 90' lang='lat' dir='ltr'><strong>numinis</strong></span> <span class='ocrx_word' id='word_1_194' title='bbox 411 3104 551 3167; x_wconf 87' lang='lat' dir='ltr'><strong>formam</strong></span> <span class='ocrx_word' id='word_1_195' title='bbox 581 3103 778 3187; x_wconf 85' lang='lat' dir='ltr'><strong>redigebant</strong></span> <span class='ocrx_word' id='word_1_196' title='bbox 807 3123 946 3185; x_wconf 87' lang='lat' dir='ltr'><strong>eamque</strong></span> <span class='ocrx_word' id='word_1_197' title='bbox 980 3101 1155 3184; x_wconf 87' lang='lat' dir='ltr'><strong>Ilithyiam</strong></span> <span class='ocrx_word' id='word_1_198' title='bbox 1187 3098 1407 3183; x_wconf 85' lang='lat' dir='ltr'><strong>appellabant,</strong></span> 
     </span>
     <span class='ocr_line' id='line_1_27' title="bbox 237 3204 1409 3292; baseline -0.005 -19"><span class='ocrx_word' id='word_1_199' title='bbox 237 3229 436 3292; x_wconf 86' lang='lat' dir='ltr'><strong>quamquam</strong></span> <span class='ocrx_word' id='word_1_200' title='bbox 459 3209 657 3291; x_wconf 87' lang='lat' dir='ltr'><strong>quibusdam</strong></span> <span class='ocrx_word' id='word_1_201' title='bbox 679 3212 714 3272; x_wconf 90' lang='lat' dir='ltr'><strong>in</strong></span> <span class='ocrx_word' id='word_1_202' title='bbox 729 3210 921 3292; x_wconf 88' lang='lat' dir='ltr'><strong>regionibus</strong></span> <span class='ocrx_word' id='word_1_203' title='bbox 937 3209 1045 3272; x_wconf 88' lang='lat' dir='ltr'><strong>Diana</strong></span> <span class='ocrx_word' id='word_1_204' title='bbox 1068 3207 1323 3292; x_wconf 87' lang='lat' dir='ltr'><strong>parturientium</strong></span> <span class='ocrx_word' id='word_1_205' title='bbox 1346 3204 1409 3268; x_wconf 94' lang='lat' dir='ltr'><strong>dea</strong></span> 
     </span>
     <span class='ocr_line' id='line_1_28' title="bbox 236 3309 1408 3398; baseline -0.007 -19"><span class='ocrx_word' id='word_1_206' title='bbox 236 3316 294 3379; x_wconf 90' lang='lat' dir='ltr'><strong>diu</strong></span> <span class='ocrx_word' id='word_1_207' title='bbox 327 3316 579 3398; x_wconf 85' lang='lat' dir='ltr'><strong>religIosissime</strong></span> <span class='ocrx_word' id='word_1_208' title='bbox 615 3316 793 3380; x_wconf 88' lang='lat' dir='ltr'><strong>colebatur.</strong></span> <span class='ocrx_word' id='word_1_209' title='bbox 850 3313 1019 3390; x_wconf 84' lang='lat' dir='ltr'><strong>Quomodo</strong></span> <span class='ocrx_word' id='word_1_210' title='bbox 1054 3313 1193 3392; x_wconf 82' lang='lat' dir='ltr'><strong>ilithyia</strong></span> <span class='ocrx_word' id='word_1_211' title='bbox 1227 3331 1246 3374; x_wconf 92' lang='lat' dir='ltr'><strong>e</strong></span> <span class='ocrx_word' id='word_1_212' title='bbox 1279 3309 1408 3373; x_wconf 90' lang='lat' dir='ltr'><strong>Dianae</strong></span> 
     </span>
     <span class='ocr_line' id='line_1_29' title="bbox 235 3417 1409 3503; baseline -0.009 -17"><span class='ocrx_word' id='word_1_213' title='bbox 235 3422 372 3486; x_wconf 88' lang='lat' dir='ltr'><strong>numine</strong></span> <span class='ocrx_word' id='word_1_214' title='bbox 397 3423 550 3503; x_wconf 86' lang='lat' dir='ltr'><strong>evaserit,</strong></span> <span class='ocrx_word' id='word_1_215' title='bbox 580 3421 668 3484; x_wconf 87' lang='lat' dir='ltr'><strong>infra</strong></span> <span class='ocrx_word' id='word_1_216' title='bbox 698 3421 885 3484; x_wconf 85' lang='lat' dir='ltr'><strong>accuratius</strong></span> <span class='ocrx_word' id='word_1_217' title='bbox 913 3417 1165 3501; x_wconf 86' lang='lat' dir='ltr'><strong>explicabimus,</strong></span> <span class='ocrx_word' id='word_1_218' title='bbox 1192 3418 1409 3498; x_wconf 87' lang='lat' dir='ltr'><strong>posteaquam</strong></span> 
     </span>
     <span class='ocr_line' id='line_1_30' title="bbox 236 3521 1408 3611; baseline -0.008 -21"><span class='ocrx_word' id='word_1_219' title='bbox 236 3527 364 3590; x_wconf 89' lang='lat' dir='ltr'><strong>Dianae</strong></span> <span class='ocrx_word' id='word_1_220' title='bbox 403 3527 508 3611; x_wconf 86' lang='lat' dir='ltr'><strong>ipsius</strong></span> <span class='ocrx_word' id='word_1_221' title='bbox 547 3528 642 3608; x_wconf 90' lang='lat' dir='ltr'><strong>quasi</strong></span> <span class='ocrx_word' id='word_1_222' title='bbox 674 3525 857 3589; x_wconf 86' lang='lat' dir='ltr'><strong>Lucinae</strong></span> <span class='ocrx_word' id='word_1_223' title='bbox 891 3529 1044 3588; x_wconf 89' lang='lat' dir='ltr'><strong>naturam</strong></span> <span class='ocrx_word' id='word_1_224' title='bbox 1079 3521 1283 3585; x_wconf 88' lang='lat' dir='ltr'><strong>testimoniis</strong></span> <span class='ocrx_word' id='word_1_225' title='bbox 1321 3537 1408 3582; x_wconf 91' lang='lat' dir='ltr'><strong>oom-</strong></span> 
     </span>
     <span class='ocr_line' id='line_1_31' title="bbox 236 3631 494 3715; baseline -0.008 -21"><span class='ocrx_word' id='word_1_226' title='bbox 236 3631 494 3715; x_wconf 84' lang='lat' dir='ltr'><strong>probaverimus.</strong></span> 
     </span>
    </p>

    <p class='ocr_par' dir='ltr' id='par_1_3' title="bbox 237 3729 1411 4240">
     <span class='ocr_line' id='line_1_32' title="bbox 325 3729 1408 3819; baseline -0.012 -17"><span class='ocrx_word' id='word_1_227' title='bbox 325 3737 491 3802; x_wconf 87' lang='lat' dir='ltr'><strong>Homerus</strong></span> <span class='ocrx_word' id='word_1_228' title='bbox 526 3738 660 3819; x_wconf 88' lang='lat' dir='ltr'><strong>quidem</strong></span> <span class='ocrx_word' id='word_1_229' title='bbox 695 3742 728 3801; x_wconf 90' lang='lat' dir='ltr'><strong>et</strong></span> <span class='ocrx_word' id='word_1_230' title='bbox 762 3736 935 3816; x_wconf 89' lang='lat' dir='ltr'><strong>Ilithyiam</strong></span> <span class='ocrx_word' id='word_1_231' title='bbox 957 3735 1115 3806; x_wconf 82' lang='lat' dir='ltr'><strong>nominat,</strong></span> <span class='ocrx_word' id='word_1_232' title='bbox 1153 3736 1187 3796; x_wconf 90' lang='lat' dir='ltr'><strong>et</strong></span> <span class='ocrx_word' id='word_1_233' title='bbox 1215 3730 1342 3793; x_wconf 80' lang='lat' dir='ltr'><strong>DIanae</strong></span> <span class='ocrx_word' id='word_1_234' title='bbox 1371 3729 1408 3789; x_wconf 93' lang='lat' dir='ltr'><strong>in</strong></span> 
     </span>
     <span class='ocr_line' id='line_1_33' title="bbox 237 3837 1409 3926; baseline -0.008 -20"><span class='ocrx_word' id='word_1_235' title='bbox 237 3847 359 3907; x_wconf 87' lang='lat' dir='ltr'><strong>matres</strong></span> <span class='ocrx_word' id='word_1_236' title='bbox 371 3844 594 3926; x_wconf 85' lang='lat' dir='ltr'><strong>parturientes</strong></span> <span class='ocrx_word' id='word_1_237' title='bbox 606 3845 675 3906; x_wconf 81' lang='lat' dir='ltr'><strong>rim</strong></span> <span class='ocrx_word' id='word_1_238' title='bbox 688 3847 922 3907; x_wconf 90' lang='lat' dir='ltr'><strong>commemorat</strong></span> <span class='ocrx_word' id='word_1_239' title='bbox 934 3859 1073 3922; x_wconf 88' lang='lat' dir='ltr'><strong>eamque</strong></span> <span class='ocrx_word' id='word_1_240' title='bbox 1080 3837 1409 3924; x_wconf 76' lang='lat' dir='ltr'><strong>perniciosissImam,</strong></span> 
     </span>
     <span class='ocr_line' id='line_1_34' title="bbox 237 3935 1409 4029; baseline -0.014 -14"><span class='ocrx_word' id='word_1_241' title='bbox 237 3945 436 4029; x_wconf 65' lang='lat' dir='ltr'><strong>descmbitb,</strong></span> <span class='ocrx_word' id='word_1_242' title='bbox 460 3941 527 4012; x_wconf 77' lang='grc' dir='ltr'><strong>ἐπεί</strong></span> <span class='ocrx_word' id='word_1_243' title='bbox 549 3961 585 4011; x_wconf 80' lang='lat' dir='ltr'><strong>ca</strong></span> <span class='ocrx_word' id='word_1_244' title='bbox 605 3941 718 4010; x_wconf 67' lang='lat' dir='ltr'><strong>Monta</strong></span> <span class='ocrx_word' id='word_1_245' title='bbox 739 3945 888 4028; x_wconf 75' lang='grc' dir='ltr'><strong>γυναιξὶν</strong></span> <span class='ocrx_word' id='word_1_246' title='bbox 912 3940 995 4018; x_wconf 82' lang='grc' dir='ltr'><strong><em>Ζεὺς</em></strong></span> <span class='ocrx_word' id='word_1_247' title='bbox 1015 3944 1120 4026; x_wconf 73' lang='grc' dir='ltr'><strong><em>θῆκεν</em></strong></span> <span class='ocrx_word' id='word_1_248' title='bbox 1133 3939 1188 4005; x_wconf 76' lang='grc' dir='ltr'><strong>καὶ</strong></span> <span class='ocrx_word' id='word_1_249' title='bbox 1202 3935 1301 4004; x_wconf 74' lang='grc' dir='ltr'><strong><em>ἔδωκε</em></strong></span> <span class='ocrx_word' id='word_1_250' title='bbox 1315 3956 1409 4000; x_wconf 74' lang='grc' dir='ltr'><strong><em>κατα·</em></strong></span> 
     </span>
     <span class='ocr_line' id='line_1_35' title="bbox 237 4040 1410 4134; baseline -0.009 -20"><span class='ocrx_word' id='word_1_251' title='bbox 237 4046 355 4133; x_wconf 77' lang='grc' dir='ltr'><strong><em>κτάμεν</em></strong></span> <span class='ocrx_word' id='word_1_252' title='bbox 377 4046 420 4134; x_wconf 81' lang='grc' dir='ltr'><strong>ἥν</strong></span> <span class='ocrx_word' id='word_1_253' title='bbox 434 4045 462 4114; x_wconf 87' lang='grc' dir='ltr'><strong>κ’</strong></span> <span class='ocrx_word' id='word_1_254' title='bbox 478 4045 651 4134; x_wconf 67' lang='grc' dir='ltr'><em>ἐθέλῃσθα,</em></span> <span class='ocrx_word' id='word_1_255' title='bbox 676 4068 775 4132; x_wconf 88' lang='lat' dir='ltr'><strong>quem</strong></span> <span class='ocrx_word' id='word_1_256' title='bbox 791 4052 900 4115; x_wconf 89' lang='lat' dir='ltr'><strong>locum</strong></span> <span class='ocrx_word' id='word_1_257' title='bbox 915 4054 1007 4114; x_wconf 88' lang='lat' dir='ltr'><strong>recte</strong></span> <span class='ocrx_word' id='word_1_258' title='bbox 1022 4047 1208 4112; x_wconf 90' lang='lat' dir='ltr'><strong>Pausanias</strong></span> <span class='ocrx_word' id='word_1_259' title='bbox 1222 4042 1291 4126; x_wconf 83' lang='lat' dir='ltr'><strong>(IV,</strong></span> <span class='ocrx_word' id='word_1_260' title='bbox 1308 4043 1360 4123; x_wconf 84' lang='lat'><strong>30,</strong></span> <span class='ocrx_word' id='word_1_261' title='bbox 1377 4040 1410 4120; x_wconf 81' lang='lat'><strong>5)</strong></span> 
     </span>
     <span class='ocr_line' id='line_1_36' title="bbox 237 4144 1411 4240; baseline -0.012 -19"><span class='ocrx_word' id='word_1_262' title='bbox 237 4158 473 4240; x_wconf 87' lang='lat' dir='ltr'><strong>interpretatur</strong></span> <span class='ocrx_word' id='word_1_263' title='bbox 485 4149 637 4237; x_wconf 73' lang='grc' dir='ltr'><strong>’Ἄρτεμιν</strong></span> <span class='ocrx_word' id='word_1_264' title='bbox 652 4154 818 4236; x_wconf 74' lang='grc' dir='ltr'><strong><em>γυναικῶν</em></strong></span> <span class='ocrx_word' id='word_1_265' title='bbox 833 4149 945 4218; x_wconf 76' lang='grc' dir='ltr'><em>ὠδῖσιν</em></span> <span class='ocrx_word' id='word_1_266' title='bbox 959 4145 1041 4215; x_wconf 77' lang='grc' dir='ltr'><strong><em>εἶναι</em></strong></span> <span class='ocrx_word' id='word_1_267' title='bbox 1055 4144 1209 4234; x_wconf 75' lang='grc' dir='ltr'><strong><em>φοβεράν.</em></strong></span> <span class='ocrx_word' id='word_1_268' title='bbox 1241 4145 1411 4212; x_wconf 78' lang='lat' dir='ltr'><strong>Discernit</strong></span> 
     </span>
    </p>
   </div>
   <div class='ocr_carea' id='block_1_3' title="bbox 237 4253 1410 4346">
    <p class='ocr_par' dir='ltr' id='par_1_4' title="bbox 237 4253 1410 4346">
     <span class='ocr_line' id='line_1_37' title="bbox 237 4253 1410 4346; baseline -0.008 -22"><span class='ocrx_word' id='word_1_269' title='bbox 237 4264 340 4346; x_wconf 89' lang='lat' dir='ltr'><strong>igitur</strong></span> <span class='ocrx_word' id='word_1_270' title='bbox 360 4261 534 4343; x_wconf 89' lang='lat' dir='ltr'><strong>Ilithyiam</strong></span> <span class='ocrx_word' id='word_1_271' title='bbox 561 4264 719 4340; x_wconf 89' lang='lat' dir='ltr'><strong>tanquam</strong></span> <span class='ocrx_word' id='word_1_272' title='bbox 746 4260 924 4343; x_wconf 87' lang='lat' dir='ltr'><strong>propitiam</strong></span> <span class='ocrx_word' id='word_1_273' title='bbox 952 4257 1048 4321; x_wconf 91' lang='lat' dir='ltr'><strong>deam</strong></span> <span class='ocrx_word' id='word_1_274' title='bbox 1071 4276 1092 4319; x_wconf 92' lang='lat' dir='ltr'><strong>a</strong></span> <span class='ocrx_word' id='word_1_275' title='bbox 1113 4254 1229 4339; x_wconf 86' lang='lat' dir='ltr'><strong>Diana,</strong></span> <span class='ocrx_word' id='word_1_276' title='bbox 1260 4272 1344 4338; x_wconf 91' lang='lat' dir='ltr'><strong>quae</strong></span> <span class='ocrx_word' id='word_1_277' title='bbox 1374 4253 1410 4315; x_wconf 92' lang='lat' dir='ltr'><strong>in</strong></span> 
     </span>
    </p>
   </div>
   <div class='ocr_carea' id='block_1_4' title="bbox 312 4485 1196 4638">
    <p class='ocr_par' dir='ltr' id='par_1_5' title="bbox 312 4485 1196 4638">
     <span class='ocr_line' id='line_1_38' title="bbox 312 4485 458 4554; baseline 0.014 -14"><span class='ocrx_word' id='word_1_278' title='bbox 312 4485 333 4554; x_wconf 83' lang='lat'><strong>¹)</strong></span> <span class='ocrx_word' id='word_1_279' title='bbox 353 4488 377 4540; x_wconf 88' lang='grc' dir='ltr'><strong><em>Φ</em></strong></span> <span class='ocrx_word' id='word_1_280' title='bbox 397 4486 458 4542; x_wconf 84' lang='grc'><strong>433.</strong></span> 
     </span>
     <span class='ocr_line' id='line_1_39' title="bbox 1180 4585 1196 4638; baseline 0 0"><span class='ocrx_word' id='word_1_281' title='bbox 1180 4585 1196 4638; x_wconf 90' lang='grc'>5</span> 
     </span>
    </p>
   </div>
   <div class='ocr_carea' id='block_1_5' title="bbox 0 0 1695 5192">
    <p class='ocr_par' dir='ltr' id='par_1_6' title="bbox 0 0 1695 5192">
     <span class='ocr_line' id='line_1_40' title="bbox 0 0 1695 5192; baseline 0 0"><span class='ocrx_word' id='word_1_282' title='bbox 0 0 1695 5192; x_wconf 95' lang='lat' dir='ltr'><strong> </strong></span> 
     </span>
    </p>
   </div>
  </div>
 </body>
</html>
