3367 5192
765 370 978 462 wll-W
1095 390 1098 394 ’

286 579 444 648 vocabuli
468 581 629 663 originem
659 581 694 642 in
723 581 782 645 has
810 582 964 663 regiones
988 582 1061 644 sine
1085 561 1279 662 ambagibus
1302 597 1463 642 revocare

286 683 459 768 possimus.
500 685 563 750 Sed
589 706 664 750 cum
687 687 774 770 apud
791 685 930 767 Scythas
955 687 1071 750 eadem
1095 686 1158 748 dea
1181 686 1270 748 culta
1293 686 1337 748 sit
1353 690 1386 748 et
1400 704 1464 767 per

285 811 399 855 omnes
423 792 495 856 fere
519 793 622 857 Asiae
645 793 746 857 urbes
778 794 850 857 eius
872 795 998 877 templa
1020 793 1158 873 fuerint,
1188 811 1310 854 nomen
1335 811 1378 854 cx
1401 792 1460 854 illa

284 897 603 981 Indogermanorum
625 905 719 983 parte
744 901 960 963 derivandum
984 919 1058 964 esse
1075 900 1244 982 probatur,
1269 916 1367 979 quam
1385 916 1461 961 oum

284 1007 377 1068 Ariis
401 1008 422 1068 i.
448 1025 474 1068 e.
490 1005 667 1070 Persarum
682 1005 906 1088 Indorumque
928 1007 1084 1090 gentibus
1100 1006 1224 1069 diutius
1242 1025 1341 1086 qnam
1357 1003 1460 1068 Italos
1492 1053 1508 1065 ..

285 1111 550 1193 Dodonaeosque
574 1111 733 1204 Pelasgos
757 1115 945 1178 cohaesisse
969 1111 1144 1196 apparet¹),
1169 1111 1461 1193 quare'Persioam

285 1218 445 1300 linguam,
470 1221 593 1302 quippo
617 1238 702 1300 quac
718 1222 894 1284 Aricarum
916 1212 1070 1303 proxima
1090 1221 1143 1300 sit,
1167 1219 1208 1282 ad
1226 1217 1461 1302 explicandum

287 1342 409 1387 nornen
440 1325 591 1388 adhiberi
617 1344 697 1408 opus
722 1331 780 1389 est.
826 1327 880 1390 Ad
904 1328 1079 1389 veritatem
1101 1326 1253 1408 proximo
1278 1326 1463 1388 accessisse

284 1431 419 1494 videtur
434 1427 659 1511 Layardiusil,
674 1433 726 1494 vir
737 1433 973 1512 Assyriearum
988 1452 1101 1495 rerum
1116 1433 1349 1516 peritissimus,
1367 1432 1425 1512 qui
1441 1449 1461 1492 e

287 1537 402 1624 lingua
424 1537 561 1600 Persica
584 1556 705 1601 nomen
728 1537 868 1603 fluxisse
890 1544 982 1602 ratus
1009 1540 1283 1622 compositionem
1306 1557 1350 1601 ex
1367 1528 1461 1600 ‘arta’

102 1716 105 1722 .
287 1648 320 1706 et
352 1634 437 1707 ‘mis'
469 1646 599 1726 statuit,
636 1664 721 1726 quae
753 1646 857 1709 verba
889 1646 1078 1729 significare
1106 1639 1275 1727 ‘magnam
1303 1638 1460 1706 matrem’.

287 1750 386 1833 Apud
409 1749 529 1816 Persas
562 1752 651 1814 enirn
678 1771 795 1815 vocem
824 1759 910 1817 arta
937 1755 1132 1836 saepissime
1155 1753 1345 1814 invenimus
1368 1751 1464 1813 velut
1520 1815 1523 1820 ,

287 1859 322 1919 in
352 1858 543 1921 nominibus
572 1859 715 1941 propriis
742 1857 986 1943 ArtapherneS,
1015 1859 1213 1942 Artabazus,
1243 1858 1463 1938 Artaxerxes

286 1950 464 2044 Artaxata,
496 1965 633 2043 Artaea,
662 1962 823 2046 mtrem).
883 1964 975 2041 Quae
1005 1985 1084 2029 vero
1112 1967 1202 2028 notio
1232 1965 1334 2027 fuerit
1363 1964 1463 2025 huius
1530 1953 1533 1959 ”

286 2068 449 2151 vocabuli,
467 2071 567 2134 facile
581 2089 697 2134 eruere
710 2090 900 2161 possumus:
925 2077 1010 2135 arta-
1023 2072 1110 2134 afixa
1121 2075 1171 2134 -ta
1182 2070 1460 2134 determinatione
1507 2076 1509 2079 ’
1612 2060 1614 2064 ’

287 2174 328 2237 ad
357 2176 425 2238 rad.
449 2196 521 2258 ar-,
550 2197 634 2258 quae
666 2178 890 2260 compluribus
918 2178 1110 2242 notionibus
1139 2179 1328 2241 continetur
1357 2175 1464 2256 (velut

286 2287 413 2364 aptare:
438 2275 640 2360 deaurare·
658 2289 691 2346 et
712 2303 861 2348 movere:
885 2279 1038 2367 ὅρ-νυμι),
1062 2282 1274 2348 referendum
1291 2286 1351 2364 est,
1375 2281 1461 2362 quod

286 2387 487 2450 adiectivum
500 2388 585 2471 apud
598 2388 719 2453 Persas
731 2393 901 2456 notionem
911 2382 1062 2455 ‘excelsi'
1074 2393 1130 2454 vel
1145 2380 1262 2455 ‘fortis’
1278 2384 1460 2467 habebat4).

284 2493 377 2569 Quod
411 2495 451 2557 ad
482 2495 646 2576 reliquam
673 2499 817 2562 nominis
836 2503 977 2582 partem
1007 2498 1139 2578 attinet,
1168 2495 1315 2559 dubitari
1341 2498 1460 2577 potest,

288 2606 399 2664 utrum
433 2601 744 2668 determinationem
778 2623 1010 2688 agnoscamus,
1046 2605 1178 2686 qualem
1210 2605 1245 2665 in
1280 2595 1462 2682 Θέ-μιδ-ος

285 2710 419 2771 nomine
443 2709 560 2791 habes,
586 2730 625 2772 an
649 2729 724 2774 cum
746 2710 911 2792 Layardio
934 2702 1097 2774 ‘matrem'
1126 2711 1196 2774 illis
1217 2710 1339 2772 litteris
1360 2710 1464 2791 signi·

285 2815 378 2878 ficari
401 2819 505 2896 putes.
552 2817 598 2879 At
625 2818 687 2880 hoo
715 2818 851 2899 quidem
873 2820 983 2881 minus
1008 2817 1183 2901 probabile
1207 2816 1355 2895 videtur,
1386 2834 1461 2879 curn

285 2923 321 2983 in
354 2921 413 2982 illa
443 2919 629 3003 Indogerm.
657 2924 724 2986 rad.
758 2930 842 2987 matr
874 2945 894 2988 a
926 2926 1025 3007 longa
1062 2928 1259 2987 conservata
1291 2925 1342 2986 sit.
1389 2921 1461 2996 Qua

286 3026 327 3088 de
361 3045 461 3089 carisa
488 3027 800 3093 determinationem
828 3019 1127 3109 statuere'malim,
1160 3029 1356 3112 praesertim
1385 3046 1460 3090 curm

284 3134 419 3196 nomina
444 3134 558 3197 eodem
582 3156 605 3214 μ
629 3136 831 3200 conformata
861 3134 948 3221 apud
969 3136 1090 3200 Persas
1114 3136 1219 3199 multa
1241 3136 1460 3218 reperiantur,

284 3239 378 3302 uelut
400 3231 567 3320 Ἀρτάμης,
585 3233 774 3324 Ἀριάμνης,
788 3237 943 3324 ’Meropas
965 3245 1090 3327 ipsum,
1119 3241 1290 3306 Bactriani
1312 3240 1462 3304 fluminis

285 3364 415 3409 nomen.
470 3343 623 3427 Denique
656 3347 848 3430 Artimpasa
881 3367 957 3413 cum
988 3351 1103 3414 matris
1140 3368 1261 3413 nornen
1292 3348 1328 3410 in
1359 3367 1460 3410 unam

287 3453 433 3515 litteram
465 3473 498 3514 m
531 3453 652 3535 corripi
680 3471 777 3535 posse
805 3473 940 3538 negem,
977 3457 1070 3520 illius
1106 3454 1323 3538 explicationi
1357 3453 1459 3517 obest.

284 3557 401 3640 ltaque
426 3551 603 3638 Ἀρτέμιδος
638 3545 773 3623 nomine
800 3566 876 3644 apte
911 3569 945 3626 et
978 3565 1177 3646 simpliciter
1201 3552 1377 3643 ‘magnam'
1404 3559 1460 3622 vel

274 3869 277 3876 '
361 3857 381 3926 ¹)
400 3858 431 3914 Ε.
450 3856 590 3914 Curtius
609 3857 628 3911 1.
647 3857 666 3910 1.
685 3874 714 3926 p.
732 3855 761 3921 83
780 3856 852 3911 Joh.
871 3855 1036 3922 Schmidt,
1055 3858 1074 3911 l.
1093 3859 1112 3914 l.
1130 3877 1158 3930 p.
1177 3859 1210 3914 21
1229 3877 1271 3928 sq.

341 3963 344 3968 ’
362 3963 382 4034 ²)
401 3965 575 4020 Rechorchca
593 3983 639 4020 sur
656 3966 684 4020 le
704 3964 762 4019 cult
780 3965 815 4018 de
827 3963 930 4031 Venus,
949 3983 977 4034 p.
990 3964 1050 4031 107,
1070 3983 1153 4033 quem
1165 3966 1269 4021 librum
1281 3966 1363 4023 doleo
1374 3967 1461 4022 intro·

283 4056 389 4126 spicere
408 4070 453 4109 rne
473 4071 530 4109 non
549 4053 678 4123 potuisse.

358 4159 379 4224 3)
398 4161 433 4216 cf.
452 4161 547 4230 Steph.
567 4161 630 4230 Bya.
648 4139 714 4215 osv.
736 4153 858 4227 'Aetataz
879 4153 1023 4229 Ἀρταίοιις
1041 4157 1154 4229 Πέρσαι,
1180 4156 1270 4228 ὥσπερ
1296 4120 1462 4228 οἱἛλληνες

283 4244 349 4310 τούς
372 4245 507 4309 zelatoris
524 4245 694 4316 ἀνθρώπους
710 4241 805 4316 ἥρωας
820 4248 942 4301 καλοῦσι.
970 4247 1040 4316 τάχα
1063 4245 1093 4301 δὲ
1115 4247 1162 4301 καὶ
1179 4245 1306 4302 ἐντεῦθέν
1322 4265 1371 4315 μοι
1388 4247 1464 4299 δοκεῖ

112 4382 115 4386 ,
168 4411 170 4415 Ι
280 4330 452 4403 Ἀρταξέρξαι
469 4335 517 4390 καὶ
533 4329 698 4408 waepero.
734 4335 800 4391 Hae.
819 4353 839 4390 s.
857 4352 884 4390 ι’.
900 4329 1033 4411 Ἀρτάόες.
1160 4322 1162 4326 ’

358 4438 380 4508 ⁴)
401 4441 436 4497 ci.
460 4441 563 4497 Herod.
582 4441 647 4508 VII,
675 4443 708 4497 61
734 4444 764 4497 et
788 4440 915 4498 Steinii
938 4445 998 4498 not.
1043 4443 1139 4511 Piclr,
1167 4442 1255 4527 rergl.
1275 4440 1460 4498 Wtrterbuch

284 4531 334 4585 der
352 4531 448 4600 indog.
468 4531 617 4600 Spraehen,
636 4549 664 4600 p.
683 4532 743 4586 233.
1130 4528 1132 4531 ’
