3367 5192
845 375 888 436 84

281 583 434 665 serpinae
459 583 594 664 cultum,
619 584 676 664 qui
698 583 844 646 maxime
859 583 1043 647 Eleusiniis
1059 583 1229 664 mysteriis
1243 583 1451 666 vulgabatur,

279 707 347 752 non
362 689 628 775 antiquissimum
644 687 763 751 ducam
777 706 887 770 neque
906 687 948 752 do
963 687 1184 771 Proserpinae
1198 691 1296 770 raptu
1310 688 1450 772 fabulas,

281 806 420 875 quarum
457 795 621 876 originem
661 793 808 858 virorum
851 793 1117 859 doctissimorum
1159 811 1322 857 consensu
1356 796 1450 859 nisus

279 898 494 982 temporibus,
519 917 603 981 quae
625 903 701 981 post
722 898 907 962 Homerum
929 900 1078 980 fuerunt,
1102 900 1295 963 adscribam.
1341 897 1453 974 Quare

280 1005 402 1066 mirum
424 1022 491 1067 non
515 1011 574 1084 est,
599 1003 685 1084 quod
708 1005 744 1066 in
758 1003 887 1067 Dianae
910 1004 1035 1087 templo
1049 1003 1248 1068 Troezeniae
1262 1003 1450 1068 Inierorum

282 1108 419 1172 deorum
442 1109 539 1192 signa
561 1111 741 1173 constituta
765 1106 890 1192 erant¹)
918 1114 952 1172 et
973 1108 1081 1172 Diana
1107 1111 1181 1194 ipsa
1205 1108 1333 1173 Χθονία
1353 1129 1452 1173 roca·

280 1209 416 1294 batur2).

367 1336 495 1400 Dianae
524 1339 591 1400 iam
620 1355 699 1401 vcro
729 1338 834 1420 ipsius
867 1338 954 1401 hanc
990 1337 1033 1400 ad
1060 1341 1201 1402 mertem
1226 1341 1451 1421 pertinentem

278 1443 348 1506 vim
377 1443 463 1532 apud
492 1441 675 1506 Homerum
702 1461 882 1524 agnoscere
911 1462 1099 1526 pessumus,
1137 1462 1222 1525 quae
1254 1449 1373 1508 natura
1401 1445 1450 1508 ibi

278 1548 383 1611 multo
412 1549 544 1632 saepius
574 1566 674 1629 quam
701 1566 815 1612 omnes
844 1548 931 1612 aliae
953 1550 1095 1612 virtutes
1117 1549 1278 1612 laudatur.
1324 1547 1451 1624 Quater

278 1654 315 1716 in
342 1652 448 1716 Iliade
480 1655 611 1735 sagittis
646 1672 765 1718 necem
796 1672 933 1736 parasse
971 1673 1045 1717 eam
1074 1659 1309 1718 commemorat
1342 1659 1450 1737 poeta,

278 1760 383 1822 octies
410 1760 446 1820 in
474 1757 623 1838 Odyssea
655 1759 696 1840 (v.
727 1757 837 1842 supra)
870 1767 980 1842 r‘r'eque
1011 1761 1207 1842 plerumque
1241 1763 1335 1841 grata
1366 1761 1450 1824 haec

278 1882 366 1927 mors
382 1867 442 1944 est,
466 1882 565 1944 quam
577 1861 684 1927 Diana
699 1865 860 1945 immittit,
884 1865 943 1928 sed
959 1865 1130 1929 celeritate
1146 1869 1276 1929 tantum
1297 1866 1450 1949 mitigata

277 1969 392 2051 itaque
425 1968 592 2032 interdum
627 1969 668 2032 ab
702 1969 893 2033 hominibus
919 1971 1034 2052 petita,
1070 1988 1136 2051 qua
1164 1970 1337 2033 celeritate
1366 1970 1449 2033 deae

278 2093 399 2156 magna
422 2078 456 2139 et
477 2075 651 2157 repentina
670 2075 722 2138 ris
739 2076 863 2157 optime
879 2074 1095 2157 significatur.
1125 2074 1306 2140 Praeterea
1320 2074 1450 2138 Dianae

278 2179 449 2243 mortifera
482 2181 534 2242 vis
569 2179 609 2242 ab
638 2178 783 2243 Homero
820 2177 868 2260 (Φ
894 2178 973 2262 483)
1008 2181 1062 2244 his
1092 2181 1204 2244 verbis
1232 2180 1448 2244 describitur:

278 2277 346 2346 ἐκεί
372 2296 407 2347 σε
433 2277 546 2346 λέοντα
571 2279 723 2364 γυναιξὶν
747 2277 830 2356 Ζεὺς
856 2281 960 2365 θῆκεν
985 2281 1040 2347 καὶ
1067 2279 1165 2347 ἔδωκε
1186 2280 1387 2365 κατακτάμεν
1407 2279 1453 2365 ἣν

277 2378 305 2452 κ’
322 2379 489 2470 ἐθέλῃσθα,
506 2387 625 2469 quibus
642 2390 789 2451 omnium
804 2407 1043 2470 puerperarum
1054 2393 1177 2453 mortes
1187 2391 1219 2453 ei
1231 2391 1448 2473 imputantur:

279 2493 420 2558 eandem
454 2492 535 2556 deae
567 2494 637 2556 vim
670 2493 861 2576 significant
889 2495 1037 2576 epitheta
1065 2489 1214 2575 ἰοχέαιρα,
1248 2494 1335 2575 quod
1371 2494 1452 2556 telis

277 2599 459 2662 mortiferis
492 2599 676 2681 praeditam
712 2600 810 2662 deam
840 2599 1007 2681 significat
1037 2604 1071 2663 et
1097 2596 1348 2679 χρυσηλάκατος,
1375 2600 1398 2664 i.
1422 2617 1451 2662 e.

279 2707 403 2787 opiner,
427 2695 505 2766 ‘dea
532 2704 627 2766 filum
653 2706 743 2768 vitae
767 2706 903 2767 trahens
927 2708 961 2767 et
982 2695 1156 2783 insecaus',
1185 2702 1271 2785 qued
1300 2703 1450 2766 officium

278 2808 457 2873 Parcarum
504 2827 577 2872 esse
622 2813 739 2892 postea
777 2810 1040 2873 existimabatur.
1100 2808 1212 2872 Etiam
1247 2810 1451 2890 posteriores

182 2955 185 2963 ι
280 2915 481 2978 Graecorum
507 2917 626 2997 poetae
656 2914 903 2978 formidolosam
924 2913 1051 2978 Dianae
1079 2915 1149 2976 vim
1171 2913 1337 2977 interdum
1363 2932 1451 2976 com-

277 3023 463 3082 memorant
483 3019 577 3081 velut
592 3018 780 3102 Hipponax,
800 3021 858 3100 qui
873 3022 909 3082 iu
922 3015 1168 3111 fragmentum.
1179 3019 1229 3080 23.
1240 3016 1335 3100 Bglr.)
1351 3019 1451 3081 haec:

275 3115 354 3184 Ἀαό
382 3115 409 3188 o’
434 3116 571 3186 ὀλέσειεν
591 3117 748 3203 Ἄρτεμις,
777 3117 811 3184 σὲ
840 3118 875 3184 δὲ
900 3117 1093 3204 aduersae,
1124 3123 1245 3203 deinde
1271 3122 1451 3204 Euripides
1476 3216 1481 3224 ’

278 3229 314 3292 iu
336 3227 595 3293 Phoenissarum
617 3249 646 3292 v.
671 3230 734 3291 151
758 3247 819 3310 sq.:

482 3344 563 3413 ἄλλά
583 3369 637 3413 νιν
659 3344 681 3412 ἁ
701 3344 768 3414 κατ’
791 3345 853 3433 ὅρη
874 3345 953 3432 μετὰ
973 3345 1118 3432 ματέρος,

471 3446 617 3535 ’Ἄρτεμις
638 3447 745 3535 ἱεμένα
765 3447 873 3530 τόξοις
894 3449 1048 3534 δαμάσασ’
1069 3445 1248 3550 ditescam).

367 3590 555 3657 Notandum
583 3594 646 3657 hac
672 3595 709 3656 in
735 3612 773 3657 re
794 3594 880 3656 mihi
901 3594 1035 3658 ridetur
1056 3591 1201 3657 Dianam
1223 3593 1296 3658 fere
1318 3611 1450 3676 semper

278 3700 315 3764 in
340 3700 489 3764 necando
516 3699 747 3763 instrumentis
775 3700 847 3762 sive
877 3699 998 3780 sagitta
1031 3699 1103 3762 sire
1136 3717 1216 3762 areu
1244 3717 1341 3763 usam
1375 3717 1448 3762 esse

279 3806 356 3887 dici,
381 3823 482 3887 quare
505 3806 590 3868 haee
612 3803 772 3867 attributa
785 3802 1019 3866 interficientis
1034 3803 1116 3868 deae
1132 3803 1283 3883 symbola
1297 3803 1448 3867 habeam.

277 3911 375 3976 Ratio
405 3914 516 3973 autem
543 3912 627 3973 haee
655 3913 714 3972 est.
765 3909 995 3972 Vetustissimi
1028 3909 1178 3972 hominos
1206 3927 1282 3972 oum
1307 3911 1449 3972 mortem

278 4017 438 4080 intestina
483 4017 628 4096 corporis
672 4012 846 4077 debilitate
890 4011 979 4078 effici
1018 4015 1164 4096 cogitare
1200 4033 1267 4078 non
1302 4017 1448 4097 possent,

353 4311 376 4378 ¹)
394 4312 474 4366 Paus.
491 4309 527 4378 II,
545 4309 588 4376 31,
607 4308 633 4363 2.

352 4397 374 4466 ¹)
393 4399 484 4454 Schol.
502 4398 617 4454 'l'heocr-
634 4397 659 4464 2,
680 4397 722 4452 12.
1072 4413 1074 4415 ’

353 4485 374 4554 ⁸)
393 4487 427 4541 ci.
447 4487 510 4542 Eur.
528 4485 614 4555 Hipp.
632 4504 659 4541 r.
678 4483 756 4540 1422.
793 4485 824 4540 P.
842 4484 918 4552 VIII,
937 4486 962 4552 3,
981 4483 1010 4551 o;
1029 4483 1072 4551 27,
1092 4485 1134 4539 17.
