<?xml version="1.0" encoding="UTF-8"?>
<!DOCTYPE html PUBLIC "-//W3C//DTD XHTML 1.0 Transitional//EN"
    "http://www.w3.org/TR/xhtml1/DTD/xhtml1-transitional.dtd">
<html xmlns="http://www.w3.org/1999/xhtml" xml:lang="en" lang="en">
 <head>
  <title>
</title>
<meta http-equiv="Content-Type" content="text/html;charset=utf-8" />
  <meta name='ocr-system' content='tesseract 3.04.00' />
  <meta name='ocr-capabilities' content='ocr_page ocr_carea ocr_par ocr_line ocrx_word'/>
</head>
<body>
  <div class='ocr_page' id='page_1' title='image "./dedianaeantiqui01claugoog_0012.png"; bbox 0 0 3367 5192; ppageno 0'>
   <div class='ocr_carea' id='block_1_1' title="bbox 675 1737 1047 1858">
    <p class='ocr_par' dir='ltr' id='par_1_1' title="bbox 675 1737 1047 1858">
     <span class='ocr_line' id='line_1_1' title="bbox 675 1737 1047 1858; baseline 0 -22"><span class='ocrx_word' id='word_1_1' title='bbox 675 1737 824 1836; x_wconf 89' lang='lat' dir='ltr'>Pars</span> <span class='ocrx_word' id='word_1_2' title='bbox 865 1737 1047 1858; x_wconf 89' lang='lat' dir='ltr'>prior.</span> 
     </span>
    </p>
   </div>
   <div class='ocr_carea' id='block_1_2' title="bbox 270 2049 1477 3208">
    <p class='ocr_par' dir='ltr' id='par_1_2' title="bbox 271 2049 1445 2564">
     <span class='ocr_line' id='line_1_2' title="bbox 360 2049 1445 2136; baseline 0.001 -21"><span class='ocrx_word' id='word_1_3' title='bbox 360 2051 559 2134; x_wconf 83' lang='lat' dir='ltr'>Priusquam</span> <span class='ocrx_word' id='word_1_4' title='bbox 583 2051 623 2114; x_wconf 93' lang='lat' dir='ltr'>ad</span> <span class='ocrx_word' id='word_1_5' title='bbox 647 2049 778 2115; x_wconf 88' lang='lat' dir='ltr'>Dianae</span> <span class='ocrx_word' id='word_1_6' title='bbox 807 2055 960 2115; x_wconf 89' lang='lat' dir='ltr'>naturam</span> <span class='ocrx_word' id='word_1_7' title='bbox 991 2052 1222 2134; x_wconf 79' lang='lat' dir='ltr'>explicandam</span> <span class='ocrx_word' id='word_1_8' title='bbox 1246 2052 1445 2136; x_wconf 83' lang='lat' dir='ltr'>accedimus,</span> 
     </span>
     <span class='ocr_line' id='line_1_3' title="bbox 271 2158 1443 2242; baseline 0.001 -21"><span class='ocrx_word' id='word_1_9' title='bbox 271 2159 431 2223; x_wconf 91' lang='lat' dir='ltr'>nonnulla</span> <span class='ocrx_word' id='word_1_10' title='bbox 459 2159 499 2222; x_wconf 92' lang='lat' dir='ltr'>de</span> <span class='ocrx_word' id='word_1_11' title='bbox 531 2158 685 2242; x_wconf 92' lang='lat' dir='ltr'>gentibus</span> <span class='ocrx_word' id='word_1_12' title='bbox 710 2158 847 2222; x_wconf 85' lang='lat' dir='ltr'>Graecis</span> <span class='ocrx_word' id='word_1_13' title='bbox 877 2158 1121 2241; x_wconf 87' lang='lat' dir='ltr'>praemittenda</span> <span class='ocrx_word' id='word_1_14' title='bbox 1150 2159 1314 2222; x_wconf 84' lang='lat' dir='ltr'>videntur.</span> <span class='ocrx_word' id='word_1_15' title='bbox 1362 2159 1443 2222; x_wconf 79' lang='lat' dir='ltr'>(lum</span> 
     </span>
     <span class='ocr_line' id='line_1_4' title="bbox 273 2264 1445 2349; baseline 0 -20"><span class='ocrx_word' id='word_1_16' title='bbox 273 2269 362 2330; x_wconf 90' lang='lat' dir='ltr'>enim</span> <span class='ocrx_word' id='word_1_17' title='bbox 386 2267 426 2330; x_wconf 91' lang='lat' dir='ltr'>de</span> <span class='ocrx_word' id='word_1_18' title='bbox 450 2266 602 2349; x_wconf 88' lang='lat' dir='ltr'>Pelasgis</span> <span class='ocrx_word' id='word_1_19' title='bbox 628 2270 661 2330; x_wconf 91' lang='lat' dir='ltr'>et</span> <span class='ocrx_word' id='word_1_20' title='bbox 685 2267 761 2329; x_wconf 87' lang='lat' dir='ltr'>aliis</span> <span class='ocrx_word' id='word_1_21' title='bbox 777 2267 897 2349; x_wconf 82' lang='lat' dir='ltr'>priscis</span> <span class='ocrx_word' id='word_1_22' title='bbox 914 2264 1070 2346; x_wconf 89' lang='lat' dir='ltr'>gentibus</span> <span class='ocrx_word' id='word_1_23' title='bbox 1086 2265 1257 2330; x_wconf 86' lang='lat' dir='ltr'>doctorum</span> <span class='ocrx_word' id='word_1_24' title='bbox 1274 2267 1445 2330; x_wconf 93' lang='lat' dir='ltr'>hominum</span> 
     </span>
     <span class='ocr_line' id='line_1_5' title="bbox 271 2372 1445 2455; baseline -0.002 -17"><span class='ocrx_word' id='word_1_25' title='bbox 271 2374 457 2438; x_wconf 87' lang='lat' dir='ltr'>sentcntiae</span> <span class='ocrx_word' id='word_1_26' title='bbox 484 2373 582 2436; x_wconf 86' lang='lat' dir='ltr'>valde</span> <span class='ocrx_word' id='word_1_27' title='bbox 612 2374 701 2438; x_wconf 88' lang='lat' dir='ltr'>inter</span> <span class='ocrx_word' id='word_1_28' title='bbox 732 2392 767 2436; x_wconf 89' lang='lat' dir='ltr'>se</span> <span class='ocrx_word' id='word_1_29' title='bbox 797 2373 996 2455; x_wconf 79' lang='lat' dir='ltr'>discrepent,</span> <span class='ocrx_word' id='word_1_30' title='bbox 1026 2373 1216 2435; x_wconf 85' lang='lat' dir='ltr'>summatim</span> <span class='ocrx_word' id='word_1_31' title='bbox 1246 2372 1287 2436; x_wconf 92' lang='lat' dir='ltr'>de</span> <span class='ocrx_word' id='word_1_32' title='bbox 1311 2374 1445 2437; x_wconf 90' lang='lat' dir='ltr'>illorum</span> 
     </span>
     <span class='ocr_line' id='line_1_6' title="bbox 272 2479 989 2564; baseline -0.003 -20"><span class='ocrx_word' id='word_1_33' title='bbox 272 2481 399 2564; x_wconf 82' lang='lat' dir='ltr'>origine</span> <span class='ocrx_word' id='word_1_34' title='bbox 424 2485 457 2544; x_wconf 88' lang='lat' dir='ltr'>et</span> <span class='ocrx_word' id='word_1_35' title='bbox 480 2483 583 2564; x_wconf 80' lang='lat' dir='ltr'>stirpe</span> <span class='ocrx_word' id='word_1_36' title='bbox 609 2480 773 2564; x_wconf 90' lang='lat' dir='ltr'>agendum</span> <span class='ocrx_word' id='word_1_37' title='bbox 796 2479 892 2543; x_wconf 91' lang='lat' dir='ltr'>nobis</span> <span class='ocrx_word' id='word_1_38' title='bbox 917 2481 989 2543; x_wconf 87' lang='lat' dir='ltr'>erit.</span> 
     </span>
    </p>

    <p class='ocr_par' dir='ltr' id='par_1_3' title="bbox 270 2586 1477 3208">
     <span class='ocr_line' id='line_1_7' title="bbox 359 2586 1445 2670; baseline 0 -20"><span class='ocrx_word' id='word_1_39' title='bbox 359 2586 431 2650; x_wconf 90' lang='lat' dir='ltr'>Iam</span> <span class='ocrx_word' id='word_1_40' title='bbox 447 2589 475 2651; x_wconf 89' lang='lat' dir='ltr'>si</span> <span class='ocrx_word' id='word_1_41' title='bbox 491 2586 708 2670; x_wconf 83' lang='lat' dir='ltr'>Pelasgorum</span> <span class='ocrx_word' id='word_1_42' title='bbox 722 2588 856 2650; x_wconf 90' lang='lat' dir='ltr'>nomine</span> <span class='ocrx_word' id='word_1_43' title='bbox 872 2588 1005 2667; x_wconf 91' lang='lat' dir='ltr'>utimur,</span> <span class='ocrx_word' id='word_1_44' title='bbox 1028 2605 1094 2649; x_wconf 94' lang='lat' dir='ltr'>non</span> <span class='ocrx_word' id='word_1_45' title='bbox 1117 2605 1193 2649; x_wconf 87' lang='lat' dir='ltr'>eum</span> <span class='ocrx_word' id='word_1_46' title='bbox 1208 2587 1277 2650; x_wconf 82' lang='lat' dir='ltr'>illis</span> <span class='ocrx_word' id='word_1_47' title='bbox 1293 2587 1445 2670; x_wconf 84' lang='lat' dir='ltr'>facimus,</span> 
     </span>
     <span class='ocr_line' id='line_1_8' title="bbox 272 2693 1445 2776; baseline 0.002 -20"><span class='ocrx_word' id='word_1_48' title='bbox 272 2696 329 2775; x_wconf 91' lang='lat' dir='ltr'>qui</span> <span class='ocrx_word' id='word_1_49' title='bbox 356 2693 498 2757; x_wconf 82' lang='lat' dir='ltr'>Semitas</span> <span class='ocrx_word' id='word_1_50' title='bbox 528 2712 583 2756; x_wconf 89' lang='lat' dir='ltr'>cos</span> <span class='ocrx_word' id='word_1_51' title='bbox 612 2693 716 2758; x_wconf 88' lang='lat' dir='ltr'>fuisse</span> <span class='ocrx_word' id='word_1_52' title='bbox 747 2698 893 2774; x_wconf 87' lang='lat' dir='ltr'>censent,</span> <span class='ocrx_word' id='word_1_53' title='bbox 929 2712 1129 2774; x_wconf 88' lang='lat' dir='ltr'>quamquam</span> <span class='ocrx_word' id='word_1_54' title='bbox 1156 2711 1224 2756; x_wconf 93' lang='lat' dir='ltr'>non</span> <span class='ocrx_word' id='word_1_55' title='bbox 1255 2694 1445 2776; x_wconf 84' lang='lat' dir='ltr'>ignoramus</span> 
     </span>
     <span class='ocr_line' id='line_1_9' title="bbox 272 2794 1445 2882; baseline 0 -18"><span class='ocrx_word' id='word_1_56' title='bbox 272 2820 327 2864; x_wconf 91' lang='lat' dir='ltr'>eos</span> <span class='ocrx_word' id='word_1_57' title='bbox 352 2800 392 2864; x_wconf 89' lang='lat' dir='ltr'>ab</span> <span class='ocrx_word' id='word_1_58' title='bbox 416 2799 584 2862; x_wconf 83' lang='lat' dir='ltr'>Herodoto</span> <span class='ocrx_word' id='word_1_59' title='bbox 607 2794 889 2880; x_wconf 78' lang='grc' dir='ltr'><strong><em>βαρβαροφώνους</em></strong></span> <span class='ocrx_word' id='word_1_60' title='bbox 912 2800 1074 2882; x_wconf 89' lang='lat' dir='ltr'>appellari</span> <span class='ocrx_word' id='word_1_61' title='bbox 1090 2805 1124 2863; x_wconf 91' lang='lat' dir='ltr'>et</span> <span class='ocrx_word' id='word_1_62' title='bbox 1138 2801 1315 2864; x_wconf 89' lang='lat' dir='ltr'>nonnullas</span> <span class='ocrx_word' id='word_1_63' title='bbox 1330 2799 1445 2865; x_wconf 89' lang='lat' dir='ltr'>Pelas·</span> 
     </span>
     <span class='ocr_line' id='line_1_10' title="bbox 270 2903 1477 2990; baseline 0.001 -21"><span class='ocrx_word' id='word_1_64' title='bbox 270 2926 387 2990; x_wconf 87' lang='lat' dir='ltr'>gerum</span> <span class='ocrx_word' id='word_1_65' title='bbox 403 2924 486 2987; x_wconf 87' lang='lat' dir='ltr'>quae</span> <span class='ocrx_word' id='word_1_66' title='bbox 503 2905 658 2968; x_wconf 85' lang='lat' dir='ltr'>dicuntur</span> <span class='ocrx_word' id='word_1_67' title='bbox 671 2905 854 2987; x_wconf 90' lang='lat' dir='ltr'>religiones</span> <span class='ocrx_word' id='word_1_68' title='bbox 869 2907 961 2968; x_wconf 83' lang='lat' dir='ltr'>velut</span> <span class='ocrx_word' id='word_1_69' title='bbox 977 2903 1256 2972; x_wconf 81' lang='lat' dir='ltr'>Samothracioam</span> <span class='ocrx_word' id='word_1_70' title='bbox 1271 2905 1444 2970; x_wconf 86' lang='lat' dir='ltr'>Semiticas</span> <span class='ocrx_word' id='word_1_71' title='bbox 1475 2984 1477 2987; x_wconf 15' lang='grc' dir='ltr'>Ι</span> 
     </span>
     <span class='ocr_line' id='line_1_11' title="bbox 271 3008 1444 3094; baseline 0.003 -20"><span class='ocrx_word' id='word_1_72' title='bbox 271 3030 370 3076; x_wconf 85' lang='lat' dir='ltr'>voces</span> <span class='ocrx_word' id='word_1_73' title='bbox 402 3010 573 3074; x_wconf 82' lang='lat' dir='ltr'>exhibere.</span> <span class='ocrx_word' id='word_1_74' title='bbox 624 3008 710 3073; x_wconf 89' lang='lat' dir='ltr'>Nam</span> <span class='ocrx_word' id='word_1_75' title='bbox 741 3029 816 3073; x_wconf 87' lang='lat' dir='ltr'>curn</span> <span class='ocrx_word' id='word_1_76' title='bbox 843 3008 972 3094; x_wconf 83' lang='lat' dir='ltr'>Iupiter</span> <span class='ocrx_word' id='word_1_77' title='bbox 998 3010 1196 3075; x_wconf 86' lang='lat' dir='ltr'>Dodonaeus</span> <span class='ocrx_word' id='word_1_78' title='bbox 1226 3013 1266 3076; x_wconf 90' lang='lat' dir='ltr'>ab</span> <span class='ocrx_word' id='word_1_79' title='bbox 1298 3013 1444 3077; x_wconf 87' lang='lat' dir='ltr'>Homero</span> 
     </span>
     <span class='ocr_line' id='line_1_12' title="bbox 272 3117 1441 3208; baseline 0.005 -30"><span class='ocrx_word' id='word_1_80' title='bbox 272 3118 323 3201; x_wconf 89' lang='grc' dir='ltr'>(Π</span> <span class='ocrx_word' id='word_1_81' title='bbox 332 3203 335 3208; x_wconf 27' lang='grc' dir='ltr'>Ι</span> <span class='ocrx_word' id='word_1_82' title='bbox 351 3117 426 3199; x_wconf 80' lang='grc'>233)</span> <span class='ocrx_word' id='word_1_83' title='bbox 459 3117 653 3200; x_wconf 89' lang='lat' dir='ltr'>Pelasgious</span> <span class='ocrx_word' id='word_1_84' title='bbox 688 3117 884 3200; x_wconf 86' lang='lat' dir='ltr'>appelletur,</span> <span class='ocrx_word' id='word_1_85' title='bbox 923 3118 959 3179; x_wconf 92' lang='lat' dir='ltr'>in</span> <span class='ocrx_word' id='word_1_86' title='bbox 995 3119 1114 3184; x_wconf 89' lang='lat' dir='ltr'>intima</span> <span class='ocrx_word' id='word_1_87' title='bbox 1149 3117 1309 3183; x_wconf 81' lang='lat' dir='ltr'>Graeciae</span> <span class='ocrx_word' id='word_1_88' title='bbox 1347 3125 1441 3203; x_wconf 90' lang='lat' dir='ltr'>parte</span> 
     </span>
    </p>
   </div>
   <div class='ocr_carea' id='block_1_3' title="bbox 153 3219 1444 3308">
    <p class='ocr_par' dir='ltr' id='par_1_4' title="bbox 153 3219 1444 3308">
     <span class='ocr_line' id='line_1_13' title="bbox 153 3219 1444 3308; baseline 0 -19"><span class='ocrx_word' id='word_1_89' title='bbox 153 3219 156 3226; x_wconf 80' lang='lat'>&#39;</span> <span class='ocrx_word' id='word_1_90' title='bbox 272 3226 386 3289; x_wconf 90' lang='lat' dir='ltr'>sedem</span> <span class='ocrx_word' id='word_1_91' title='bbox 419 3224 635 3306; x_wconf 86' lang='lat' dir='ltr'>Pelasgorum</span> <span class='ocrx_word' id='word_1_92' title='bbox 668 3225 766 3287; x_wconf 91' lang='lat' dir='ltr'>sitam</span> <span class='ocrx_word' id='word_1_93' title='bbox 801 3223 906 3287; x_wconf 89' lang='lat' dir='ltr'>fuisse</span> <span class='ocrx_word' id='word_1_94' title='bbox 942 3228 1032 3288; x_wconf 87' lang='lat' dir='ltr'>certe</span> <span class='ocrx_word' id='word_1_95' title='bbox 1067 3227 1234 3308; x_wconf 76' lang='lat' dir='ltr'>novimuS,</span> <span class='ocrx_word' id='word_1_96' title='bbox 1275 3245 1374 3308; x_wconf 92' lang='lat' dir='ltr'>quam</span> <span class='ocrx_word' id='word_1_97' title='bbox 1408 3229 1444 3290; x_wconf 89' lang='lat' dir='ltr'>in</span> 
     </span>
    </p>
   </div>
   <div class='ocr_carea' id='block_1_4' title="bbox 267 3331 1444 4592">
    <p class='ocr_par' dir='ltr' id='par_1_5' title="bbox 267 3331 1444 4592">
     <span class='ocr_line' id='line_1_14' title="bbox 271 3331 1443 3415; baseline 0.003 -21"><span class='ocrx_word' id='word_1_98' title='bbox 271 3334 442 3415; x_wconf 88' lang='lat' dir='ltr'>regionem</span> <span class='ocrx_word' id='word_1_99' title='bbox 476 3331 618 3394; x_wconf 80' lang='lat' dir='ltr'>Semitas</span> <span class='ocrx_word' id='word_1_100' title='bbox 652 3332 785 3394; x_wconf 85' lang='lat' dir='ltr'>venisse</span> <span class='ocrx_word' id='word_1_101' title='bbox 822 3332 883 3393; x_wconf 82' lang='lat' dir='ltr'>vix</span> <span class='ocrx_word' id='word_1_102' title='bbox 917 3331 1078 3405; x_wconf 83' lang='lat' dir='ltr'>credibile</span> <span class='ocrx_word' id='word_1_103' title='bbox 1116 3335 1176 3396; x_wconf 88' lang='lat' dir='ltr'>est.</span> <span class='ocrx_word' id='word_1_104' title='bbox 1235 3331 1286 3396; x_wconf 90' lang='lat' dir='ltr'>De</span> <span class='ocrx_word' id='word_1_105' title='bbox 1326 3333 1443 3397; x_wconf 88' lang='lat' dir='ltr'>eadem</span> 
     </span>
     <span class='ocr_line' id='line_1_15' title="bbox 272 3437 1444 3529; baseline 0.001 -26"><span class='ocrx_word' id='word_1_106' title='bbox 272 3444 384 3503; x_wconf 88' lang='lat' dir='ltr'>autem</span> <span class='ocrx_word' id='word_1_107' title='bbox 421 3441 570 3522; x_wconf 89' lang='lat' dir='ltr'>gentium</span> <span class='ocrx_word' id='word_1_108' title='bbox 608 3438 737 3501; x_wconf 88' lang='lat' dir='ltr'>familia</span> <span class='ocrx_word' id='word_1_109' title='bbox 775 3442 875 3519; x_wconf 88' lang='lat' dir='ltr'>atque</span> <span class='ocrx_word' id='word_1_110' title='bbox 912 3437 1046 3529; x_wconf 86' lang='lat' dir='ltr'>Pelasgi</span> <span class='ocrx_word' id='word_1_111' title='bbox 1084 3438 1235 3522; x_wconf 86' lang='lat' dir='ltr'>Phryges</span> <span class='ocrx_word' id='word_1_112' title='bbox 1280 3441 1444 3523; x_wconf 90' lang='lat' dir='ltr'>originem</span> 
     </span>
     <span class='ocr_line' id='line_1_16' title="bbox 271 3546 1442 3629; baseline 0.002 -20"><span class='ocrx_word' id='word_1_113' title='bbox 271 3547 447 3628; x_wconf 86' lang='lat' dir='ltr'>duxerunt,</span> <span class='ocrx_word' id='word_1_114' title='bbox 473 3564 573 3627; x_wconf 88' lang='lat' dir='ltr'>quare</span> <span class='ocrx_word' id='word_1_115' title='bbox 598 3564 712 3608; x_wconf 93' lang='lat' dir='ltr'>eorum</span> <span class='ocrx_word' id='word_1_116' title='bbox 737 3550 770 3608; x_wconf 91' lang='lat' dir='ltr'>et</span> <span class='ocrx_word' id='word_1_117' title='bbox 793 3547 929 3628; x_wconf 89' lang='lat' dir='ltr'>linguae</span> <span class='ocrx_word' id='word_1_118' title='bbox 953 3551 986 3609; x_wconf 87' lang='lat' dir='ltr'>et</span> <span class='ocrx_word' id='word_1_119' title='bbox 1007 3546 1181 3629; x_wconf 90' lang='lat' dir='ltr'>religionis</span> <span class='ocrx_word' id='word_1_120' title='bbox 1206 3565 1281 3610; x_wconf 91' lang='lat' dir='ltr'>cum</span> <span class='ocrx_word' id='word_1_121' title='bbox 1305 3546 1442 3612; x_wconf 80' lang='lat' dir='ltr'>Graecis</span> 
     </span>
     <span class='ocr_line' id='line_1_17' title="bbox 271 3649 1443 3736; baseline 0.001 -20"><span class='ocrx_word' id='word_1_122' title='bbox 271 3651 453 3716; x_wconf 88' lang='lat' dir='ltr'>similitudo</span> <span class='ocrx_word' id='word_1_123' title='bbox 469 3650 613 3716; x_wconf 90' lang='lat' dir='ltr'>notanda</span> <span class='ocrx_word' id='word_1_124' title='bbox 629 3655 688 3714; x_wconf 89' lang='lat' dir='ltr'>est.</span> <span class='ocrx_word' id='word_1_125' title='bbox 729 3649 799 3714; x_wconf 87' lang='lat' dir='ltr'>Nec</span> <span class='ocrx_word' id='word_1_126' title='bbox 815 3650 988 3732; x_wconf 79' lang='lat' dir='ltr'>Tyrrheni,</span> <span class='ocrx_word' id='word_1_127' title='bbox 1012 3653 1069 3732; x_wconf 91' lang='lat' dir='ltr'>qui</span> <span class='ocrx_word' id='word_1_128' title='bbox 1085 3671 1146 3735; x_wconf 88' lang='lat' dir='ltr'>per</span> <span class='ocrx_word' id='word_1_129' title='bbox 1161 3670 1251 3715; x_wconf 90' lang='lat' dir='ltr'>mare</span> <span class='ocrx_word' id='word_1_130' title='bbox 1269 3652 1443 3736; x_wconf 87' lang='lat' dir='ltr'>Aegaeum</span> 
     </span>
     <span class='ocr_line' id='line_1_18' title="bbox 269 3756 1442 3842; baseline 0.002 -21"><span class='ocrx_word' id='word_1_131' title='bbox 269 3759 483 3842; x_wconf 85' lang='lat' dir='ltr'>vagabantur,</span> <span class='ocrx_word' id='word_1_132' title='bbox 508 3762 564 3821; x_wconf 91' lang='lat' dir='ltr'>aut</span> <span class='ocrx_word' id='word_1_133' title='bbox 586 3756 737 3841; x_wconf 77' lang='lat' dir='ltr'>Leleges,</span> <span class='ocrx_word' id='word_1_134' title='bbox 763 3776 848 3839; x_wconf 87' lang='lat' dir='ltr'>quae</span> <span class='ocrx_word' id='word_1_135' title='bbox 873 3777 948 3821; x_wconf 89' lang='lat' dir='ltr'>cum</span> <span class='ocrx_word' id='word_1_136' title='bbox 965 3757 1104 3821; x_wconf 82' lang='lat' dir='ltr'>Caribus</span> <span class='ocrx_word' id='word_1_137' title='bbox 1127 3759 1234 3822; x_wconf 84' lang='lat' dir='ltr'>mixta</span> <span class='ocrx_word' id='word_1_138' title='bbox 1257 3777 1339 3842; x_wconf 91' lang='lat' dir='ltr'>gens</span> <span class='ocrx_word' id='word_1_139' title='bbox 1364 3764 1442 3840; x_wconf 89' lang='lat' dir='ltr'>erat,</span> 
     </span>
     <span class='ocr_line' id='line_1_19' title="bbox 271 3862 1441 3949; baseline -0.002 -18"><span class='ocrx_word' id='word_1_140' title='bbox 271 3867 508 3949; x_wconf 88' lang='lat' dir='ltr'>consanguinei</span> <span class='ocrx_word' id='word_1_141' title='bbox 542 3883 608 3928; x_wconf 92' lang='lat' dir='ltr'>non</span> <span class='ocrx_word' id='word_1_142' title='bbox 644 3868 746 3928; x_wconf 89' lang='lat' dir='ltr'>erant.</span> <span class='ocrx_word' id='word_1_143' title='bbox 807 3862 848 3927; x_wconf 92' lang='lat' dir='ltr'>In</span> <span class='ocrx_word' id='word_1_144' title='bbox 883 3863 1024 3928; x_wconf 80' lang='lat' dir='ltr'>Graecia</span> <span class='ocrx_word' id='word_1_145' title='bbox 1060 3865 1134 3949; x_wconf 92' lang='lat' dir='ltr'>ipsa</span> <span class='ocrx_word' id='word_1_146' title='bbox 1167 3865 1266 3929; x_wconf 92' lang='lat' dir='ltr'>huius</span> <span class='ocrx_word' id='word_1_147' title='bbox 1301 3885 1441 3949; x_wconf 89' lang='lat' dir='ltr'>magnae</span> 
     </span>
     <span class='ocr_line' id='line_1_20' title="bbox 269 3969 1444 4056; baseline 0 -20"><span class='ocrx_word' id='word_1_148' title='bbox 269 3974 413 4037; x_wconf 88' lang='lat' dir='ltr'>nationis</span> <span class='ocrx_word' id='word_1_149' title='bbox 445 3976 556 4056; x_wconf 87' lang='lat' dir='ltr'>partes</span> <span class='ocrx_word' id='word_1_150' title='bbox 587 3971 791 4034; x_wconf 89' lang='lat' dir='ltr'>residebant:</span> <span class='ocrx_word' id='word_1_151' title='bbox 822 3971 959 4034; x_wconf 78' lang='lat' dir='ltr'>Cadmei</span> <span class='ocrx_word' id='word_1_152' title='bbox 988 3970 1120 4051; x_wconf 81' lang='lat' dir='ltr'>Thebis,</span> <span class='ocrx_word' id='word_1_153' title='bbox 1152 3969 1288 4054; x_wconf 87' lang='lat' dir='ltr'>Minyae</span> <span class='ocrx_word' id='word_1_154' title='bbox 1321 3970 1444 4036; x_wconf 89' lang='lat' dir='ltr'>Orcho·</span> 
     </span>
     <span class='ocr_line' id='line_1_21' title="bbox 268 4077 1442 4161; baseline -0.003 -17"><span class='ocrx_word' id='word_1_155' title='bbox 268 4081 359 4144; x_wconf 91' lang='lat' dir='ltr'>meni</span> <span class='ocrx_word' id='word_1_156' title='bbox 390 4081 429 4142; x_wconf 91' lang='lat' dir='ltr'>in</span> <span class='ocrx_word' id='word_1_157' title='bbox 458 4077 606 4161; x_wconf 89' lang='lat' dir='ltr'>Boeotia,</span> <span class='ocrx_word' id='word_1_158' title='bbox 637 4078 861 4142; x_wconf 85' lang='lat' dir='ltr'>Erechthidae</span> <span class='ocrx_word' id='word_1_159' title='bbox 892 4079 1045 4160; x_wconf 85' lang='lat' dir='ltr'>Athenis,</span> <span class='ocrx_word' id='word_1_160' title='bbox 1080 4079 1228 4143; x_wconf 91' lang='lat' dir='ltr'>Arcades</span> <span class='ocrx_word' id='word_1_161' title='bbox 1262 4081 1298 4142; x_wconf 94' lang='lat' dir='ltr'>in</span> <span class='ocrx_word' id='word_1_162' title='bbox 1331 4080 1442 4144; x_wconf 89' lang='lat' dir='ltr'>media</span> 
     </span>
     <span class='ocr_line' id='line_1_22' title="bbox 267 4183 1442 4270; baseline -0.003 -20"><span class='ocrx_word' id='word_1_163' title='bbox 267 4184 506 4268; x_wconf 88' lang='lat' dir='ltr'>Peloponneso.</span> <span class='ocrx_word' id='word_1_164' title='bbox 563 4183 649 4248; x_wconf 89' lang='lat' dir='ltr'>Item</span> <span class='ocrx_word' id='word_1_165' title='bbox 686 4187 723 4248; x_wconf 94' lang='lat' dir='ltr'>in</span> <span class='ocrx_word' id='word_1_166' title='bbox 759 4184 1026 4268; x_wconf 89' lang='lat' dir='ltr'>Peloponnesum</span> <span class='ocrx_word' id='word_1_167' title='bbox 1064 4204 1083 4248; x_wconf 95' lang='lat' dir='ltr'>e</span> <span class='ocrx_word' id='word_1_168' title='bbox 1119 4184 1268 4270; x_wconf 89' lang='lat' dir='ltr'>Phrygia</span> <span class='ocrx_word' id='word_1_169' title='bbox 1306 4186 1442 4248; x_wconf 86' lang='lat' dir='ltr'>advenit</span> 
     </span>
     <span class='ocr_line' id='line_1_23' title="bbox 268 4290 1440 4375; baseline -0.001 -20"><span class='ocrx_word' id='word_1_170' title='bbox 268 4290 389 4375; x_wconf 89' lang='lat' dir='ltr'>Pelops</span> <span class='ocrx_word' id='word_1_171' title='bbox 405 4310 472 4355; x_wconf 91' lang='lat' dir='ltr'>non</span> <span class='ocrx_word' id='word_1_172' title='bbox 486 4293 586 4375; x_wconf 90' lang='lat' dir='ltr'>plane</span> <span class='ocrx_word' id='word_1_173' title='bbox 603 4292 802 4374; x_wconf 83' lang='lat' dir='ltr'>alienigena,</span> <span class='ocrx_word' id='word_1_174' title='bbox 819 4311 894 4355; x_wconf 90' lang='lat' dir='ltr'>oum</span> <span class='ocrx_word' id='word_1_175' title='bbox 910 4295 1027 4375; x_wconf 87' lang='lat' dir='ltr'>gentes</span> <span class='ocrx_word' id='word_1_176' title='bbox 1041 4291 1227 4375; x_wconf 87' lang='lat' dir='ltr'>Phrygicae</span> <span class='ocrx_word' id='word_1_177' title='bbox 1245 4296 1278 4355; x_wconf 91' lang='lat' dir='ltr'>et</span> <span class='ocrx_word' id='word_1_178' title='bbox 1292 4291 1440 4355; x_wconf 81' lang='lat' dir='ltr'>Graecae</span> 
     </span>
     <span class='ocr_line' id='line_1_24' title="bbox 270 4399 1440 4482; baseline -0.001 -20"><span class='ocrx_word' id='word_1_179' title='bbox 270 4403 428 4482; x_wconf 87' lang='lat' dir='ltr'>cognatae</span> <span class='ocrx_word' id='word_1_180' title='bbox 465 4402 583 4461; x_wconf 88' lang='lat' dir='ltr'>essent.</span> <span class='ocrx_word' id='word_1_181' title='bbox 629 4399 683 4461; x_wconf 88' lang='lat' dir='ltr'>Ad</span> <span class='ocrx_word' id='word_1_182' title='bbox 717 4401 895 4480; x_wconf 89' lang='lat' dir='ltr'>utrumque</span> <span class='ocrx_word' id='word_1_183' title='bbox 929 4400 1032 4482; x_wconf 89' lang='lat' dir='ltr'>igitur</span> <span class='ocrx_word' id='word_1_184' title='bbox 1058 4401 1188 4482; x_wconf 86' lang='lat' dir='ltr'>Aegaei</span> <span class='ocrx_word' id='word_1_185' title='bbox 1220 4401 1323 4463; x_wconf 89' lang='lat' dir='ltr'>maris</span> <span class='ocrx_word' id='word_1_186' title='bbox 1359 4399 1440 4462; x_wconf 91' lang='lat' dir='ltr'>litus</span> 
     </span>
     <span class='ocr_line' id='line_1_25' title="bbox 269 4492 1440 4592; baseline -0.001 -23"><span class='ocrx_word' id='word_1_187' title='bbox 269 4510 385 4590; x_wconf 88' lang='lat' dir='ltr'>gentes</span> <span class='ocrx_word' id='word_1_188' title='bbox 409 4504 605 4569; x_wconf 86' lang='lat' dir='ltr'>habitabant</span> <span class='ocrx_word' id='word_1_189' title='bbox 629 4525 672 4569; x_wconf 84' lang='lat' dir='ltr'>ex</span> <span class='ocrx_word' id='word_1_190' title='bbox 696 4506 812 4570; x_wconf 90' lang='lat' dir='ltr'>eadem</span> <span class='ocrx_word' id='word_1_191' title='bbox 826 4508 961 4571; x_wconf 87' lang='lat' dir='ltr'>natione</span> <span class='ocrx_word' id='word_1_192' title='bbox 978 4511 1069 4570; x_wconf 86' lang='lat' dir='ltr'>ortae</span> <span class='ocrx_word' id='word_1_193' title='bbox 1086 4510 1120 4569; x_wconf 91' lang='lat' dir='ltr'>et</span> <span class='ocrx_word' id='word_1_194' title='bbox 1135 4506 1258 4592; x_wconf 86' lang='lat' dir='ltr'>lingua,</span> <span class='ocrx_word' id='word_1_195' title='bbox 1282 4492 1440 4587; x_wconf 87' lang='lat' dir='ltr'>moribus,</span> 
     </span>
    </p>
   </div>
   <div class='ocr_carea' id='block_1_5' title="bbox 0 0 1688 5192">
    <p class='ocr_par' dir='ltr' id='par_1_6' title="bbox 0 0 1688 5192">
     <span class='ocr_line' id='line_1_26' title="bbox 0 0 1688 5192; baseline 0 1"><span class='ocrx_word' id='word_1_196' title='bbox 0 0 1688 5192; x_wconf 95' lang='lat' dir='ltr'> </span> 
     </span>
    </p>
   </div>
  </div>
 </body>
</html>
