3367 5192
849 343 894 409 20

283 552 470 634 pretatione
509 555 544 616 et
580 551 707 617 Dianae
745 554 979 638 Apollinisque
1021 555 1185 619 relatione
1224 556 1334 638 posita
1371 560 1458 640 sunt,

281 657 404 740 partim
432 659 499 722 iam
526 676 547 721 a
574 677 629 746 me
658 662 801 724 tractata
830 663 921 742 sunt,
950 661 1072 744 partim
1102 661 1138 724 in
1166 663 1318 745 proximo
1348 663 1458 746 capite

281 762 488 828 refellentur.

372 867 437 934 Sed
461 871 494 934 ei
518 889 663 953 qnoque,
693 872 750 953 qui
779 872 966 937 naturalem
988 871 1116 937 Dianae
1139 873 1286 937 indolem
1307 874 1458 957 probant,

282 976 425 1040 multum
447 977 536 1040 iuter
558 995 595 1040 se
620 976 810 1062 discrepant
834 981 868 1042 et
883 977 925 1043 ab
941 978 1010 1061 illa,
1035 996 1133 1061 quam
1147 998 1209 1044 nos
1224 980 1324 1043 huius
1340 981 1458 1064 capitis

282 1083 379 1146 initio
405 1084 651 1166 proposuimus,
680 1085 848 1148 sententia
874 1085 974 1168 longe
1001 1085 1134 1149 distant
1178 1085 1338 1166 Plerique
1367 1089 1458 1150 enim

282 1187 410 1254 Dianae
433 1193 585 1253 naturam
609 1190 876 1272 antiquissimam
899 1209 918 1254 e
941 1191 1041 1254 lunae
1065 1192 1249 1255 maiestatis
1264 1191 1457 1257 adoratione

281 1294 465 1378 profectam
488 1314 562 1360 esse
585 1300 715 1379 putant,
739 1298 775 1361 in
798 1315 938 1379 quorum
959 1316 1099 1361 numero
1122 1299 1312 1381 gravissimi
1328 1300 1457 1379 mytho-

282 1402 390 1484 logiae
426 1404 577 1466 auctores
611 1402 781 1467 referendi
817 1406 907 1486 sunt,
946 1403 1112 1486 imprimis
1146 1402 1358 1488 Welckerus,
1399 1407 1456 1488 qui

283 1507 469 1589 complures
483 1507 608 1572 Dianas
629 1507 868 1573 discernendas
891 1527 965 1574 esse
986 1509 1039 1573 his
1054 1509 1167 1574 rerbis
1183 1511 1292 1576 edixit
1314 1509 1386 1592 (Th.
1403 1511 1457 1576 Gr.

281 1610 312 1694 I,
341 1631 372 1696 p.
391 1613 457 1676 560
480 1613 555 1695 sq.):
586 1612 651 1679 Um
678 1615 893 1698 unstglicher
918 1616 1135 1699 Verwirmng
1160 1616 1229 1680 und
1259 1615 1459 1682 Unklarheit

281 1718 342 1783 der
354 1719 614 1804 Vorstellungen
635 1721 882 1805 vorzubeugen,
905 1723 950 1786 ist
973 1740 1020 1805 es,
1044 1741 1127 1805 ganz
1148 1724 1212 1787 wie
1228 1722 1286 1787 bei
1301 1724 1455 1807 Apellen,

280 1825 399 1908 nothig
434 1844 477 1889 zu
513 1827 773 1892 unterscheiden
811 1829 979 1893 zwischen
1011 1829 1175 1910 Artemis,
1213 1829 1359 1894 ntmlich
1397 1830 1457 1893 der

281 1930 634 2014 Zwillingsschwester
661 1934 721 1997 des
743 1933 902 2018 Apellen,
930 1934 999 1998 und
1027 1935 1093 2000 den
1120 1936 1234 1999 rielen
1261 1936 1329 2000 und
1359 1938 1457 1999 unter

282 2038 355 2103 sich
382 2038 648 2104 verschiedenen
677 2037 874 2123 Gottinnen,
907 2041 963 2106 die
990 2044 1089 2105 unter
1111 2041 1306 2107 demselben
1328 2040 1457 2106 Namen

284 2145 415 2210 einzeln
441 2144 496 2208 fur
523 2145 595 2209 sich
624 2145 694 2209 und
720 2147 806 2211 ohne
830 2148 896 2211 alle
919 2146 1113 2232 Beziehung
1136 2147 1196 2211 auf
1216 2148 1360 2231 Apellen
1382 2167 1456 2212 rer·

284 2252 359 2316 ehrt
379 2250 525 2334 wurden,
548 2251 617 2316 und
632 2270 690 2315 um
706 2271 743 2316 so
758 2253 909 2317 scharfcr
923 2272 965 2316 zu
978 2253 1246 2336 unterscheiden,
1266 2256 1302 2337 je
1319 2253 1456 2336 eifriger

284 2357 400 2424 uultus
414 2357 483 2421 und
499 2355 795 2440 Sprachgebrauch
817 2376 973 2442 genesen
995 2358 1079 2441 sind,
1102 2360 1152 2423 sie
1174 2378 1217 2422 zu
1235 2359 1455 2424 vermisehen.

282 2464 386 2530 Paulo
418 2463 506 2528 infra
538 2465 591 2528 his
625 2464 813 2548 subiungit:
849 2463 892 2528 So
929 2483 1023 2548 gross
1055 2466 1234 2529 immerhin
1264 2466 1369 2530 durch
1401 2465 1456 2529 die

281 2569 666 2654 Namensvermischung
700 2572 760 2635 der
793 2569 1018 2636 Unterscbied
1049 2571 1216 2636 zwischen
1248 2572 1307 2636 der
1334 2571 1457 2636 Home·

280 2679 417 2744 rischen
439 2679 587 2743 Artemis
613 2678 681 2740 und
704 2678 795 2742 allen
818 2677 954 2761 andern,
978 2677 1033 2743 die
1055 2682 1210 2762 getrennt
1231 2697 1297 2741 ron
1312 2678 1456 2761 Apollon

281 2785 336 2850 fttr
359 2785 431 2850 sich
455 2784 558 2855 allein
580 2783 647 2847 und
664 2787 775 2848 zuerst
790 2783 1070 2848 wahrscheinlich
1090 2788 1189 2848 unter
1205 2785 1316 2848 ciuem
1331 2784 1457 2848 andern

281 2889 410 2956 Nomen
439 2890 574 2953 verehrt
600 2889 751 2972 wurden,
784 2891 966 2973 erscheint,
999 2909 1035 2954 so
1069 2891 1144 2954 sind
1179 2892 1230 2954 sie
1258 2890 1343 2954 doch
1371 2891 1457 2953 anon

281 2998 367 3060 nach
382 2995 451 3060 und
465 2995 552 3059 uach
568 2993 672 3059 durch
684 2995 930 3079 Vermischung
945 2996 1006 3060 der
1020 2994 1281 3079 Eigenschaften
1298 2995 1457 3059 einander

281 3102 386 3166 nither
407 3101 567 3185 gebracht
590 3101 735 3165 worden.
775 3100 922 3177 Quorum
944 3101 1007 3166 hoc
1030 3101 1168 3164 minime
1189 3099 1324 3183 probari
1338 3104 1456 3183 potest,
1560 3105 1564 3112 '

282 3207 370 3290 quod
392 3206 588 3273 Welclrerus
613 3209 799 3293 complures
823 3209 1004 3274 dissimiles
1027 3207 1107 3272 deas
1122 3207 1248 3272 eodem
1270 3206 1455 3272 Artemidis

280 3317 414 3379 nomine
446 3314 681 3398 comprehendi
713 3333 812 3398 posse
844 3319 968 3380 censet.
1020 3313 1169 3378 Graecae
1201 3312 1290 3376 enirn
1320 3312 1455 3396 linguae

280 3422 316 3483 in
347 3424 442 3485 tanta
470 3421 707 3486 vocabulorum
738 3421 951 3486 multitudiue
982 3440 1144 3507 perquam
1176 3419 1277 3484 facile
1307 3419 1373 3484 fuit
1399 3420 1456 3483 vel

279 3528 424 3611 plurima
446 3528 684 3610 levissimaque
708 3529 902 3592 discrimina
917 3527 1117 3611 significare,
1141 3545 1243 3608 quare
1259 3527 1455 3609 saepissime

281 3634 408 3716 evenit,
438 3633 523 3716 quod
552 3634 605 3698 illi
633 3636 686 3699 rei
714 3635 915 3700 contrarium
941 3637 1006 3715 est,
1033 3637 1072 3696 ut
1095 3633 1305 3716 cognomina,
1334 3632 1454 3714 quibus

280 3740 433 3806 diversae
454 3742 555 3805 unius
577 3741 726 3805 numinis
740 3741 963 3824 proprietates
979 3739 1255 3822 exprimerentur,
1278 3739 1315 3801 in
1330 3738 1456 3803 dirers-

280 3866 374 3912 orum
397 3844 534 3912 deorum
557 3847 818 3930 significationes
842 3845 981 3909 abirent.
1020 3843 1155 3908 Etenim
1177 3845 1207 3907 si
1229 3862 1351 3907 nomen
1365 3843 1455 3908 idem

280 3959 345 4038 est,
374 3956 475 4018 etiam
503 3958 622 4017 natura
647 3972 715 4017 nna
746 3957 847 4034 atque
876 3950 993 4015 eadem
1022 3951 1067 4013 sit
1093 3967 1233 4014 necesse
1262 3954 1314 4013 est
1339 3968 1403 4014 nec
1425 3951 1456 4014 si

280 4061 401 4143 quibus
428 4061 512 4125 locis
540 4061 577 4123 in
609 4059 701 4123 cultu
728 4057 924 4123 barbaricae
954 4056 1177 4122 caerimoniae
1200 4055 1454 4139 usurpabantur,

280 4186 365 4249 qnae
389 4167 536 4232 adscitae
560 4169 664 4247 erant,
688 4164 857 4248 duplicem
873 4163 931 4228 rel
943 4163 1112 4247 triplicem
1128 4163 1293 4246 originem
1308 4165 1454 4226 statuere

281 4273 437 4355 cogimur.
483 4271 690 4355 Quamquam
713 4269 912 4336 Welclrerus
936 4269 1123 4354 complures
1146 4269 1296 4333 diversas
1318 4267 1452 4351 Dianas,

279 4381 318 4440 ut
338 4377 387 4442 ita
410 4378 529 4461 dicam,
552 4379 656 4443 fuisso
682 4382 806 4462 censet,
830 4381 943 4442 tamen
959 4376 1107 4440 omnium
1120 4376 1324 4458 principium
1337 4372 1453 4438 Lunae

278 4503 404 4567 numen
426 4484 531 4548 fuisse
553 4489 657 4569 putat,
681 4487 711 4550 si
733 4490 825 4550 recte
840 4484 945 4549 verba
968 4481 1207 4564 intelleximus,
1231 4499 1316 4564 quae
1335 4481 1371 4545 in
1387 4481 1455 4546 fine
