3367 5192
809 371 851 435 39

241 587 422 647 sueverunt
445 581 595 663 Scythae.
627 581 691 658 uui
716 602 791 647 cum
816 583 957 646 eandem
972 583 1069 646 deam
1085 583 1195 646 colere
1210 582 1412 662 viderentur,

242 708 340 770 quam
357 687 486 770 Graeci,
509 694 625 772 postea
640 688 853 772 Iphigeniam
870 708 888 752 e
905 687 1044 752 Taurica
1061 687 1265 752 Chersoneso
1280 689 1413 770 signum

240 814 279 858 ac
307 795 433 857 cultum
456 793 582 859 Dianae
606 797 757 859 attulisse
781 795 1018 860 fabulabantur
1027 792 1059 875 ¹).

328 897 401 962 Iam
437 919 515 964 vero
547 901 670 964 fabulis
704 901 745 964 ad
775 900 930 964 Medeam
961 901 1207 984 pertinentibus
1240 900 1413 981 antiquum

242 1005 370 1068 Dianae
395 1007 518 1070 cultum
543 1006 811 1071 crudelissimum
835 1007 1018 1090 significari
1034 1025 1163 1085 censeo,
1188 1008 1246 1088 qui
1263 1006 1412 1069 Corinthi

243 1111 406 1191 quondam
427 1111 585 1176 floruerit.
616 1112 735 1176 Medea
751 1115 839 1178 enim
856 1112 985 1176 Dianae
1000 1114 1055 1176 vel
1069 1113 1218 1177 Hecatae
1233 1115 1412 1176 maximam

243 1217 496 1281 similitudinem
529 1237 609 1297 prae
645 1237 681 1282 se
716 1218 790 1296 fert,
826 1237 928 1300 quare
962 1217 1092 1281 Preller
1126 1217 1242 1298 (Myth.
1278 1217 1334 1282 Cr.
1369 1217 1413 1299 II,

238 1342 270 1405 p.
290 1324 355 1386 318
377 1322 457 1404 sqq)
482 1342 555 1386 eam
579 1323 730 1387 lunarem
753 1324 851 1388 deam
875 1342 948 1387 osse
971 1324 1107 1407 putarit.
1153 1322 1279 1388 Nomen
1304 1325 1414 1407 ipsum

241 1429 360 1494 Medea
377 1421 599 1513 ‘cogitantem'
625 1429 791 1512 significat
814 1429 846 1510 (a
861 1429 928 1492 rad.
944 1423 1102 1508 μήδεσθαι
1116 1431 1137 1492 i.
1154 1448 1180 1492 e.
1204 1423 1416 1507 βουλεύεσθαι

239 1537 295 1598 vel
325 1533 552 1616 μηχανᾶσθαι),
587 1535 682 1598 cuius
715 1535 824 1598 simile
855 1534 939 1597 illud
966 1517 1179 1597 Aristobulae
1208 1552 1329 1596 nomen
1355 1537 1414 1596 ost.

239 1641 369 1706 Deinde
387 1641 573 1704 Corinthios
590 1659 634 1703 ex
649 1639 739 1704 Iolco
754 1639 908 1704 Medeam
931 1641 966 1702 in
985 1658 1125 1722 regnum
1140 1658 1276 1703 vocasse
1292 1638 1415 1702 Pausa·

240 1743 343 1824 nias²l
356 1745 467 1826 tradit,
481 1764 578 1826 quam
590 1745 737 1809 fabulam
747 1746 825 1808 inde
837 1749 943 1808 ortam
954 1764 1027 1809 esse
1037 1746 1187 1827 arbitror,
1200 1744 1287 1826 quod
1295 1743 1414 1807 Medea

240 1851 382 1932 βασίλεια
405 1851 635 1933 cognominata
658 1851 822 1932 quondam
846 1851 957 1931 fuerit,
982 1850 1068 1931 quod
1089 1868 1270 1934 cognomen
1285 1849 1413 1913 Dianae

242 1959 420 2038 aliquoties
443 1959 511 2020 iam
532 1959 728 2021 notavimus.
760 1956 844 2020 Tum
866 1977 886 2020 a
908 1956 988 2020 Iove
1004 1956 1156 2021 Medeam
1179 1961 1324 2021 amatam
1339 1973 1414 2019 esse

240 2063 428 2144 narrabant,
464 2081 562 2144 quem
591 2062 725 2144 quidem
748 2081 895 2126 amorem
916 2061 1069 2126 Medeam
1099 2068 1309 2146 aspamatam
1331 2080 1415 2144 esse,

241 2179 317 2231 oum
340 2166 477 2232 Iunonis
505 2169 714 2232 maiestatem
737 2172 918 2232 vereretur.
962 2167 1036 2231 Hac
1064 2167 1176 2231 fabula
1202 2168 1296 2231 illam
1324 2167 1414 2231 Iovis

242 2279 276 2337 et
300 2273 429 2336 Dianae
452 2275 648 2338 relationem
674 2273 857 2355 significari
880 2278 1025 2356 apparet.

333 2379 415 2442 Cum
448 2398 527 2442 vero
563 2381 663 2442 etiam
698 2377 817 2442 Medea
855 2380 891 2441 in
926 2378 1106 2440 sacerdotis
1139 2396 1328 2460 personam,
1363 2379 1415 2440 uti

241 2484 431 2568 Iphigenia,
458 2484 592 2547 redacta
622 2488 723 2562 esset,
753 2483 839 2547 filios
870 2502 951 2564 quos
980 2484 1016 2545 in
1043 2484 1153 2546 lucem
1182 2483 1350 2562 edidisset,
1378 2484 1414 2545 in

242 2589 378 2655 Iunonis
402 2589 525 2672 templo
549 2589 733 2652 occultasse
758 2589 931 2652 dicebatur
946 2579 1049 2669 ‘quod
1071 2607 1191 2671 nempe
1209 2590 1414 2652 immortales

241 2696 371 2759 futuros
395 2695 460 2758 sibi
483 2699 709 2777 persuaserat.
757 2693 804 2774 (P.
827 2695 848 2757 l.
864 2692 885 2757 l
904 2692 966 2773 11.)
1013 2695 1130 2757 Altera
1153 2694 1286 2758 fabulae
1309 2695 1415 2758 forma

242 2805 322 2884 erat,
351 2819 416 2882 qua
437 2799 576 2864 Medeae
601 2799 724 2863 liberos
748 2819 767 2862 a
792 2799 972 2864 Corinthiis
1000 2800 1167 2884 lapidibus
1194 2800 1304 2863 obruti
1327 2797 1416 2865 dice·

240 2903 406 2987 bantur³lz
430 2907 530 2970 tertia
545 2906 698 2987 denique,
716 2924 781 2987 qua
795 2905 914 2970 Medea
930 2907 1012 2989 ipsa,
1033 2907 1055 2970 i.
1073 2925 1102 2970 e.
1119 2905 1246 2969 Dianae
1261 2906 1414 2970 sacerdos

241 3013 366 3077 liberos
402 3007 641 3092 mactavisse4),
678 3011 719 3074 de
748 3030 812 3093 qua
840 3009 970 3074 Preller
1005 3012 1139 3075 adnotat
1165 3002 1264 3074 ‘Mine
1288 3011 1416 3076 Ueber-

241 3119 418 3201 lieferung,
449 3117 577 3182 welche
609 3117 663 3180 filr
690 3118 778 3181 noch
805 3118 1095 3180 alterthumlicher
1121 3119 1234 3200 gelten
1261 3117 1338 3181 darf
1365 3119 1415 3181 als

242 3225 297 3288 die
320 3243 385 3288 ron
416 3223 492 3287 dem
515 3222 603 3286 Tode
633 3223 693 3286 der
714 3222 845 3286 Kinder
873 3213 984 3286 durch⁴
1006 3223 1060 3286 die
1083 3216 1294 3287 Kerinthier’.
1340 3222 1415 3288 Una

243 3348 393 3412 quaeque
418 3331 536 3393 harum
558 3331 784 3393 narrationum
813 3329 939 3411 aliquid
966 3331 1039 3392 veri
1067 3332 1238 3393 continere
1268 3331 1416 3410 videtum

244 3454 372 3499 summa
395 3453 474 3498 vero
499 3435 643 3497 omnium
669 3453 709 3496 ea
732 3437 792 3514 est,
815 3438 853 3496 ut
875 3434 999 3499 liberos
1013 3434 1164 3497 Corinthi
1186 3435 1223 3498 in
1246 3436 1327 3499 deae
1351 3436 1416 3499 for-

242 3542 425 3605 midolosae
449 3541 607 3603 honorem
635 3539 820 3602 immolatos
845 3558 918 3603 esse
941 3536 1150 3620 indicatum).
1195 3539 1267 3604 Dea
1295 3546 1416 3625 autem,

245 3649 301 3709 cui
326 3646 557 3710 mactabantur
580 3645 689 3724 liberi,
715 3665 734 3707 a
756 3644 865 3708 Diana
886 3646 942 3709 vel
963 3645 1102 3727 Hecata,
1131 3645 1218 3727 quod
1241 3647 1375 3728 quidem
1398 3667 1417 3712 e

243 3751 382 3816 Medeae
405 3755 523 3815 natura
547 3751 693 3834 colligas,
718 3769 784 3814 non
808 3752 918 3814 aliena
941 3751 1043 3815 fuerit
1065 3770 1202 3815 necesse
1220 3755 1279 3834 est,
1303 3771 1416 3832 quam-

318 4082 339 4150 ¹)
359 4083 392 4138 cf.
411 4083 563 4148 Suohier,
580 4083 600 4138 l.
618 4082 637 4136 l.
657 4100 685 4151 p.
704 4081 746 4135 63.

318 4168 339 4237 ²)
357 4171 393 4238 II,
412 4173 437 4238 3,
458 4172 501 4228 lo.
536 4171 570 4225 ln
588 4170 647 4225 aius
665 4171 764 4224 aedem
784 4185 872 4236 acque
890 4173 975 4236 atque
992 4169 1024 4223 in
1048 4171 1162 4225 deorum
1188 4171 1285 4225 matris
1309 4171 1420 4240 templa

242 4258 393 4315 introitum
412 4261 479 4316 viris
496 4277 554 4315 non
572 4259 681 4313 licuisse
699 4257 858 4313 Macrobius
876 4256 943 4323 (Sat.
962 4257 983 4323 l,
1004 4256 1046 4322 12,
1064 4255 1110 4324 26)
1128 4259 1223 4312 tradit.

317 4345 379 4414 br
406 4348 440 4412 ll,
459 4347 484 4413 3,
503 4349 529 4402 6.

317 4433 339 4501 ⁴)
359 4436 453 4504 Eurip.
472 4435 545 4490 Med.
565 4432 634 4489 1136
653 4451 693 4502 sq.

319 4521 340 4591 ⁵)
360 4523 395 4577 cl.
413 4523 637 4589 Schoamann,
656 4521 753 4589 Antiq·
772 4521 818 4576 Gr.
837 4520 873 4588 ΙΙ,
891 4522 943 4578 515
962 4539 1002 4590 sq.
