3367 5192
801 319 846 382 95

236 545 383 609 pugnam
418 525 633 591 Salaminiam
667 527 751 592 deae
783 532 917 592 nostrae
948 529 1070 612 spolia,
1108 527 1270 592 victomae
1302 529 1410 611 signa,

237 631 462 696 Athenienses
510 633 717 697 exstruxisse
765 630 944 698 Simonidis
985 633 1224 716 epigrammate
1268 628 1314 714 (n
1346 633 1409 696 137

236 733 330 818 ng.)
353 736 527 819 probatur:

366 839 594 904 Hcmodcuaio
615 834 747 920 ἀνδρῶν
766 833 878 921 γενεὰς
899 834 1006 915 Ἀσίας
1026 833 1093 904 ἀπὸ
1113 835 1222 921 χώρας

397 941 522 1016 Ιπαῖδας
541 936 725 1024 Ἀθηναίων
744 943 792 1028 τῷ
813 937 850 1005 δέ
869 937 938 1006 τοτ’
961 938 997 1006 ἐν
1017 938 1146 1024 μελάνει

366 1044 530 1130 ναυμαχίᾳ
552 1039 759 1126 δαμάσαντες,
782 1039 849 1107 ἐπεὶ
870 1039 1005 1125 στρατὸς
1026 1039 1127 1108 α’)’λετσ
1149 1040 1281 1128 Μήδων

226 1203 231 1210 .
411 1142 537 1228 σήματα
556 1140 644 1210 ταῦτ’
666 1140 784 1210 ἔθεσαν
805 1140 960 1232 cuptiago
980 1140 1145 1229 Ἀρτέμιδι.

234 1247 399 1314 Similiter
431 1247 631 1334 xenoph01)
664 1249 802 1314 tradidit
830 1251 1029 1332 Agesilaum
1062 1252 1202 1332 eiusque
1232 1252 1359 1320 milites
1389 1270 1408 1316 o

234 1357 419 1438 gymnasiis
458 1354 638 1421 redeuntes
675 1354 804 1419 Dianae
837 1354 1005 1439 Ephesiae
1045 1375 1184 1420 coronas
1225 1354 1408 1421 dedicasse.

232 1457 399 1544 Xenopho
423 1466 536 1526 autem
558 1463 631 1545 ipse
655 1480 731 1525 cum
754 1461 834 1542 Oyri
861 1460 1109 1544 expeditionem
1130 1462 1167 1525 in
1190 1459 1409 1542 Babyloniam

234 1569 270 1629 et
290 1567 436 1630 reditum
458 1567 684 1651 periculosum
707 1585 782 1630 cum
804 1566 924 1630 decem
939 1564 1142 1636 Graecorum
1162 1567 1300 1632 milibus
1320 1567 1408 1632 bene

232 1671 447 1754 perfecisset,
477 1671 642 1736 decimam
671 1672 819 1736 omnium
845 1671 1078 1737 manubiarum
1102 1676 1232 1756 partem
1255 1673 1408 1757 Apollini

232 1781 268 1840 et
295 1775 423 1842 Dianae
452 1776 620 1860 Ephesiae
651 1771 898 1857 consecravit2).
954 1776 1009 1840 Ex
1044 1796 1105 1842 sua
1137 1797 1217 1842 vero
1255 1780 1407 1862 portione

234 1880 398 1946 Scillunte
425 1884 463 1945 in
483 1880 582 1946 Elide
609 1901 700 1946 aram
730 1885 764 1946 et
793 1881 968 1947 delubrum
989 1880 1118 1946 Dianae
1138 1881 1308 1966 Ephesiae
1331 1901 1409 1948 con·

232 1987 331 2067 didit,
372 1985 460 2070 quod
497 1987 641 2051 solemni
677 1987 858 2050 confinium
891 2006 1072 2072 congressu
1107 1988 1407 2070 venationibusque

230 2093 391 2156 iuvenum
414 2087 659 2174 consecravit3).

319 2195 474 2280 Denique
496 2197 552 2262 vel
573 2198 610 2261 in
631 2196 829 2280 paciscendo
844 2195 986 2260 Dianam
999 2199 1188 2262 invocatam
1212 2216 1286 2262 esse
1311 2197 1404 2262 vide-

231 2321 315 2386 mus,
339 2321 415 2366 oum
438 2303 679 2386 Aristophanes
694 2300 866 2366 Lacaenas
889 2302 1030 2366 feminas
1054 2304 1103 2368 sic
1126 2302 1246 2368 fecerit
1260 2302 1404 2368 Dianam

13 2435 14 2442 ¹
115 2499 119 2506 Ι
227 2408 446 2492 implorantes
469 2404 560 2493 (Lys.
582 2427 614 2470 v.
640 2407 726 2472 1262
750 2406 849 2490 sqq.):

534 2541 537 2546 ·
587 2505 740 2592 Ἀγροτέρ
754 2504 887 2592 *Αρτεμι
908 2504 1082 2592 σηροκτόνε

587 2609 665 2695 μόλε
687 2612 795 2693 δεῦρο,
817 2607 955 2692 παρσένε
976 2607 1039 2688 cad,

588 2709 708 2790 ποττὰς
731 2710 874 2790 σπονδάς
896 2734 924 2780 c.
947 2734 978 2797 q.
1000 2735 1026 2779 s.

320 2830 376 2894 Ad
404 2847 517 2894 omnes
543 2831 649 2912 igitur
670 2829 754 2894 belli
774 2826 887 2912 partes
910 2826 1037 2893 Dianae
1058 2833 1211 2893 naturam
1234 2831 1402 2913 pertinere

229 2936 469 3016 intelleximus,
493 2952 622 2998 summa
643 2952 723 2999 vero
744 2935 816 2997 eius
830 2934 883 2996 vis
898 2934 935 2995 in
949 2933 1105 2999 bellando
1121 2938 1155 2998 et
1170 2935 1403 3001 interficiendo

228 3044 376 3123 apparet,
407 3057 508 3120 quare
534 3041 603 3104 tela
630 3044 666 3119 et
691 3059 783 3103 arma
814 3040 847 3102 ei
870 3037 1075 3104 addebantur
1097 3041 1135 3103 in
1156 3041 1284 3122 statuis,
1317 3060 1403 3122 quae

230 3144 440 3227 sagittiferae
457 3144 540 3209 deae
556 3146 703 3228 speciem
717 3140 962 3228 praebebant4).
1006 3143 1177 3208 Interdum
1199 3164 1280 3210 vero
1295 3145 1404 3212 Diana

229 3250 286 3315 vel
309 3245 490 3334 iaculum⁶)
515 3255 549 3314 et
571 3255 701 3314 scutum
723 3245 903 3332 gerebatss),
930 3248 1050 3331 quibus
1073 3250 1243 3315 Minervae
1272 3257 1401 3317 statuae

227 3359 346 3438 postea
381 3355 663 3438 significabantur.
723 3351 895 3430 Quodcum
926 3354 1009 3418 haec
1043 3356 1225 3420 similitudo
1265 3357 1402 3422 dearum

229 3461 472 3542 antiquissimis
494 3461 698 3544 temporibus
722 3462 862 3540 extaret,
885 3457 1086 3523 Graecorum
1101 3478 1186 3542 quae
1202 3461 1401 3528 dicebantur

226 3563 418 3629 Palladia
440 3584 507 3630 non
531 3567 642 3629 omnia
656 3563 826 3628 Minervae
850 3564 908 3627 sed
925 3565 1026 3628 etiam
1041 3563 1168 3629 Dianae
1184 3565 1290 3630 fuisse
1306 3568 1402 3650 signa

225 3669 329 3733 facile
360 3666 582 3751 conicimaal).
627 3668 778 3750 Namque
809 3669 911 3762 etiarn
937 3666 1066 3734 Dianae
1096 3670 1246 3735 hastatas
1273 3671 1400 3755 figurae

224 3807 441 3820 —b———n

303 3893 323 3962 ¹)
342 3895 447 3965 Agesil.
465 3895 486 3961 1,
505 3896 548 3951 27.
584 3895 696 3951 Hellen.
714 3893 763 3963 III,
781 3895 807 3961 4,
827 3895 870 3950 18.

301 3980 322 4049 ²)
341 3984 434 4040 Anab.
452 3982 487 4050 V,
506 3985 531 4052 3,
550 3983 568 4036 4
585 3999 647 4052 sqq·

301 4067 571 4140 EAREEE

299 4155 321 4223 ⁴)
341 4156 372 4213 P.
391 4157 413 4222 Ι,
433 4157 474 4224 19,
494 4161 522 4226 6;
542 4157 604 4225 VII,
623 4157 666 4225 24,
686 4159 714 4224 l;
733 4158 776 4225 26,
797 4156 841 4223 11;
860 4157 903 4226 27,
921 4159 950 4225 4,
969 4158 1018 4227 IX,
1038 4158 1080 4226 19,
1098 4161 1123 4214 6.

299 4242 321 4311 ⁶)
340 4244 372 4300 P·
390 4246 424 4310 X,
443 4246 487 4312 38,
507 4245 549 4301 12.

299 4328 322 4398 6)
341 4331 371 4385 P.
391 4332 439 4399 IV,
460 4333 501 4398 13,
521 4331 545 4387 1.

297 4416 321 4486 ⁷)
339 4419 470 4476 Arcbaol.
489 4420 577 4490 Zaitg.
596 4419 673 4489 1849,
692 4440 720 4492 p.
738 4421 773 4477 65
791 4439 861 4492 sqq,
878 4421 937 4478 tab.
955 4421 1017 4477 VII.
