3367 5192
797 363 840 424 85

235 572 372 635 numina
386 571 465 634 telis
477 571 666 635 hominibus
681 575 804 635 mortes
816 571 997 634 immittere
1013 572 1047 632 et
1062 567 1276 632 inevitabiles
1291 585 1406 630 eorum

233 677 373 760 sagittas
400 694 475 740 esse
503 675 673 760 putabant,
702 676 790 758 quod
816 676 902 739 nulli
925 692 1013 739 mors
1035 674 1150 757 parcit.
1194 672 1291 736 Hanc
1313 672 1406 736 vide·

234 783 316 846 licet
353 781 553 844 sententiam
589 781 655 844 sibi
691 781 862 845 linxerunt
898 779 1063 862 homines,
1110 796 1186 842 cum
1222 777 1406 861 permultos

234 887 379 952 telorum
400 886 595 950 vulneribus
617 885 810 951 interfectos
832 885 995 950 viderent
1039 883 1167 948 Eadem
1181 882 1287 967 figura
1304 884 1406 947 etiam

234 991 393 1074 Hebraei,
427 993 485 1074 qui
512 991 553 1055 de
583 991 755 1056 mortifero
785 991 841 1054 dei
868 992 1021 1054 ministro
1054 989 1111 1053 vel
1134 989 1254 1072 angelo
1280 987 1408 1052 fabula·

235 1098 370 1180 bantur,
406 1102 440 1162 et
465 1095 702 1161 Muhamedani
732 1093 957 1178 utebantur¹):
993 1113 1095 1176 quare
1122 1095 1260 1158 minime
1290 1111 1408 1156 neces·

235 1204 362 1267 sarium
394 1203 479 1265 mihi
511 1201 645 1266 videtur
679 1200 720 1266 ad
748 1203 873 1266 solares
900 1200 1012 1265 radios
1039 1202 1077 1263 in
1104 1198 1303 1283 explicando
1331 1216 1407 1262 con-

234 1308 365 1392 fugero,
404 1306 491 1388 quod
527 1305 725 1372 Welclrerus
763 1307 888 1387 aliique
924 1305 1109 1388 mythologi
1146 1305 1307 1368 fecerunt.
1366 1301 1407 1366 In

236 1413 403 1497 Apollinis
433 1412 568 1494 quidem
594 1412 673 1476 telis
709 1411 918 1495 explicandis
952 1413 1037 1475 ratio
1071 1411 1210 1475 fortasse
1245 1410 1407 1492 quaedam

237 1518 406 1583 enucleari
443 1522 565 1601 potest:
602 1517 663 1582 sed
696 1517 859 1601 quomodo
895 1516 1025 1580 Dianae
1062 1517 1204 1600 sagittae
1239 1516 1408 1580 radiorum

235 1625 335 1688 lunae
373 1623 524 1704 symbola
561 1642 635 1688 ease
672 1627 823 1707 possunt,
863 1641 939 1686 cum
976 1620 1084 1686 Diana
1120 1621 1200 1685 luna
1235 1639 1303 1684 non
1339 1619 1407 1685 sit?

235 1727 376 1792 Etiamsi
400 1747 440 1792 ea
454 1728 516 1792 dea
531 1729 682 1793 lunarem
697 1733 852 1793 naturam
866 1729 1020 1812 primitus
1036 1727 1221 1810 exhiberet,
1245 1726 1407 1809 quomodo

236 1835 336 1898 lunae
345 1834 456 1898 radios
471 1833 659 1898 mortiferos
676 1835 822 1917 cogitare
836 1835 1034 1916 possumus?
1077 1831 1195 1915 Neque
1208 1829 1407 1898 Welclrerus

236 1939 320 2003 haec
356 1940 483 2022 probat,
522 1952 565 2004 ex
594 1939 761 2023 Apollinis
798 1958 879 2004 vero
913 1939 1130 2003 similitudine
1160 1940 1246 2003 hanc
1278 1936 1407 2003 Dianae

236 2045 305 2108 vim
332 2044 484 2109 derivare
512 2049 656 2128 conatur,
682 2063 782 2127 quam
807 2046 972 2109 rationem
999 2064 1099 2128 supra
1120 2045 1188 2108 iam
1209 2044 1407 2127 vituperari.

236 2148 325 2234 Ergo
354 2150 432 2228 tela,
462 2152 626 2234 imprimis
655 2152 806 2234 sagittae,
834 2150 1026 2214 mortiferae
1054 2150 1137 2215 deae
1165 2151 1299 2233 propria
1321 2153 1408 2229 sunt,

237 2256 350 2338 itaque
387 2257 654 2338 antiquissimum
684 2255 812 2321 Dianae
842 2275 1025 2340 cognomen
1048 2248 1176 2336 Ἑκάτη,
1202 2257 1225 2318 i
1254 2274 1281 2319 e.
1312 2253 1408 2319 Iacu-

236 2361 340 2425 latrix
376 2361 558 2426 inferorum
595 2362 677 2427 deae
714 2367 868 2426 natrmam
901 2362 1019 2443 induit,
1054 2363 1149 2424 cuius
1180 2362 1218 2424 in
1248 2362 1409 2426 honorem

237 2468 388 2551 Aeginae
411 2469 571 2548 mysteria
594 2467 847 2538 celebrabantur
869 2467 911 2531 ab
935 2464 1066 2550 01pheo
1089 2462 1279 2547 instituted.

328 2572 382 2636 Ab
406 2573 469 2637 hac
491 2574 559 2637 iam
581 2571 708 2638 Dianae
730 2574 919 2658 perniciosa
942 2577 1061 2637 natura
1084 2577 1119 2637 et
1140 2572 1312 2637 mortifera
1334 2573 1407 2637 eius

237 2679 479 2762 virginitas,
507 2697 592 2762 quae
613 2680 714 2763 vulgo
738 2678 944 2762 credebatur,
978 2680 1143 2763 originem
1165 2678 1301 2742 duxisse
1324 2677 1409 2741 mihi

237 2783 379 2850 videtur.
434 2784 541 2850 Deam
573 2786 674 2866 enim,
712 2804 797 2867 quae
831 2787 869 2849 in
907 2803 1021 2849 omnes
1054 2785 1246 2868 repentinas
1284 2788 1408 2849 mortes

238 2891 418 2955 immittere
454 2892 569 2974 possit,
606 2892 772 2974 virginem
810 2910 830 2955 a
863 2893 935 2955 viro
969 2892 1129 2954 intactam
1162 2908 1236 2954 esse
1268 2907 1408 2953 necesse

239 2998 321 3075 erat,
351 3013 453 3078 quare
480 3014 524 3059 ne
547 2995 603 3059 dei
626 2996 761 3076 quidem
782 2997 886 3060 ullius
910 2998 1033 3061 coniux
1055 2995 1246 3062 habebatur.
1290 2993 1409 3059 Feroci

240 3101 332 3163 enim
353 3104 472 3164 natura
493 3105 631 3185 nuptam
653 3119 728 3166 esee
751 3102 889 3166 minime
912 3103 1075 3166 convenit.

328 3204 446 3269 Altera
475 3202 595 3271 deinde
617 3204 745 3270 Dianae
775 3208 884 3271 virtus
910 3208 1058 3272 indidem
1080 3207 1262 3292 descendit,
1287 3229 1409 3294 nempe

119 3382 121 3386 .
238 3313 421 3376 venatio:
457 3313 574 3377 eadem
601 3313 673 3394 dea,
708 3332 792 3395 quae
819 3315 927 3398 primo
954 3315 1137 3380 bestiarum
1168 3315 1295 3381 faunix
1328 3320 1409 3400 erat,

242 3418 397 3534 venatrix
429 3418 591 3506 paulatim
624 3417 713 3490 faeta
747 3423 806 3494 tlt
862 3418 973 3495 flurs
1005 3424 1057 3487 rei
1088 3423 1179 3524 prior
1215 3441 1316 3508 causa
1349 3426 1410 3529 est,

242 3539 330 3622 'quod
352 3527 461 3608 Diana
489 3531 624 3629 praeter
648 3529 835 3618 naturalem
861 3535 930 3619 ‘vini
954 3544 1101 3622 ferocem
1121 3552 1409 3640 perniciosamque

240 3650 396 3765 usturam
417 3649 566 3734 praebet,
593 3655 706 3738 altera,
729 3655 821 3739 jquae
846 3662 997 3744 accessit,
1021 3661 1109 3742 quod
1129 3667 1325 3728 venatorum
1347 3664 1410 3729 dea

240 3767 335 3834 Virgo
357 3757 513 3821 venatrix
536 3758 580 3822 sit
601 3778 740 3826 necesse
764 3759 856 3846 est³).
903 3765 1058 3830 Ceterum
1081 3785 1142 3831 eae
1164 3767 1281 3833 laudes
1304 3769 1409 3834 altera

241 3856 340 3922 alteri
363 3862 489 3926 auxilio
511 3863 655 3948 fuerunt,
679 3884 756 3930 cum
777 3868 879 3934 facile
902 3875 937 3935 et
951 3873 1108 3936 venatrix
1121 3874 1215 3957 virgo
1230 3873 1410 3940 haberetur

239 3966 274 4025 et
301 3963 395 4048 virgo
422 3966 485 4031 dea
511 3968 616 4034 feroci
644 3975 764 4036 natura
789 3976 948 4042 venatrix
973 3975 1078 4042 fieret
1107 3978 1208 4043 ilum
1233 3997 1312 4043 vero
1344 3980 1407 4045 hae

239 4064 367 4133 Dianae
389 4071 530 4138 virtutes
553 4079 620 4140 tam
644 4094 719 4141 sero
742 4097 761 4144 a
783 4081 891 4162 poetis
908 4082 1131 4148 conformatae
1146 4085 1223 4167 sint,
1245 4084 1406 4169 videmus,

313 4329 332 4396 ι)
350 4331 385 4388 cf.
403 4331 571 4402 Welclrer‚
590 4335 641 4392 Th·
658 4335 706 4393 Gr.
723 4338 746 4408 1,
764 4357 792 4412 p·
812 4342 873 4398 537.

311 4415 334 4486 ¹)
351 4419 382 4475 P.
400 4419 436 4487 ll,
454 4421 498 4489 30,
516 4420 542 4477 2.
578 4424 613 4481 cf.
631 4425 798 4494 Welolrer,
817 4430 869 4487 Th.
887 4430 934 4487 Gr.
952 4431 987 4498 ΙΙ,
1005 4431 1058 4488 404
1075 4449 1116 4501 sq.

310 4504 331 4573 'l
348 4506 515 4578 Welcker,
533 4510 585 4566 Th.
602 4511 649 4570 Gr.
667 4511 689 4582 1,
707 4533 735 4585 p.
754 4516 815 4574 605.
