3367 5192
840 376 883 440 68

365 581 523 664 Ilithyiae
552 587 662 648 statua
683 583 788 669 Aegis
813 587 924 668 posita
950 586 1060 650 facem
1086 582 1269 669 genebath,
1299 585 1335 649 id
1357 586 1445 667 quod

274 685 461 753 Pausaniae
486 688 613 753 excitat
633 691 860 754 coniecturam
879 693 992 756 minus
1013 688 1229 775 probabilem,
1255 692 1313 754 cui
1334 695 1447 754 tamen

227 873 230 888 Ι
274 795 477 858 recentiores
499 791 764 876 ‘assentiunturil
808 792 895 860 hlihi
920 816 1001 861 vero
1026 796 1125 861 taeda
1146 786 1315 878 Ilythyiaa
1340 797 1447 880 signia

274 902 450 981 propterea
483 895 595 964 addita
625 895 760 965 ridetur
789 915 880 982 esso,
911 901 999 983 quod
1026 901 1165 982 ilithyia
1194 903 1291 984 quasi
1316 901 1447 965 Dianae

274 1005 422 1068 numinis
451 1005 615 1088 particula
645 1007 729 1084 erat,
762 1008 856 1070 cuius
884 1007 983 1071 taeda
1011 1009 1145 1090 'propria
1175 1006 1247 1070 fnit
1292 1005 1447 1088 Denique

275 1109 382 1173 Diana
413 1111 486 1193 ipsa
508 1105 667 1192 Ilithyiao
695 1113 891 1195 cognomine
922 1109 1106 1194 rocamrb,
1139 1130 1204 1194 qna
1236 1131 1275 1176 ro
1307 1112 1446 1175 eandem

275 1216 372 1280 dcam
394 1215 533 1280 Dianam
557 1221 591 1280 et
613 1212 785 1298 Ilithyiam
813 1219 914 1282 etiam
940 1222 1056 1302 postea
1078 1218 1209 1282 habitae
1232 1217 1337 1282 fuisse
1360 1218 1446 1280 indi-

275 1327 377 1387 catur.

364 1440 429 1510 Sed
456 1446 518 1509 hac
545 1446 582 1508 in
608 1465 646 1510 re
680 1445 820 1510 forsitan
854 1447 1019 1530 quispiam
1045 1451 1153 1530 roget,
1188 1444 1277 1510 unde
1303 1448 1446 1530 pluralis

273 1547 487 1630 Ilithyiamm
502 1563 659 1613 numerus
676 1551 853 1632 exstiterit
878 1569 953 1614 cum
967 1549 1075 1614 Diana
1097 1551 1276 1634 singularis
1299 1554 1343 1614 sit
1365 1552 1443 1614 dea:

273 1653 429 1736 Ilithyioa
458 1657 549 1719 enim
574 1657 643 1718 iam
671 1655 757 1738 apud
779 1655 963 1722 Homerum
990 1653 1187 1738 leguntur4).
1232 1655 1327 1720 Nihil
1357 1657 1445 1721 diffi-

275 1761 406 1824 cultatis
435 1764 500 1823 est:
532 1779 611 1822 nam
638 1761 694 1823 vel
721 1753 850 1824 Dianae
882 1762 1026 1824 nominis
1056 1761 1195 1844 pluralis
1222 1776 1380 1826 numerus
1407 1765 1443 1833 iu

273 1867 336 1930 hac
358 1867 431 1950 ipsa
453 1859 665 1946 Ilithyiarum
687 1867 821 1929 notione
849 1867 972 1949 legitur
993 1869 1030 1930 in
1051 1867 1166 1932 tabula
1188 1858 1443 1951 Lebadeensib,

217 2029 221 2038 .
275 1989 359 2054 quae
395 1975 429 2034 et
456 1971 618 2034 memoria
646 1975 681 2034 et
709 1971 932 2054 explicatione
967 1972 1163 2056 dignissima
1194 1975 1278 2037 mihi
1311 1975 1444 2038 videtur

274 2095 356 2140 csse.
401 2075 468 2140 Hic
489 2076 629 2160 pluralis
644 2075 826 2140 Dianarum
848 2094 1005 2141 numerus
1028 2096 1094 2142 non
1117 2081 1295 2163 depravato
1316 2080 1444 2144 ecultu

272 2183 342 2245 ullo
370 2183 533 2264 originem
561 2181 670 2259 duxit,
707 2182 766 2245 sed
802 2183 1033 2264 antiquitatem
1065 2185 1155 2248 ole're
1186 2185 1326 2248 videtur.
1372 2183 1444 2260 Qua

272 2288 400 2351 ratione
430 2288 498 2350 iam
526 2305 625 2370 supra
647 2277 790 2351 Dianam
818 2290 1004 2352 naturalem
1030 2288 1127 2353 dcam
1154 2292 1191 2352 in
1212 2289 1441 2372 Nympharum

272 2393 549 2458 innumerabilem
577 2393 709 2456 turbam
737 2395 832 2475 quasi
859 2393 1127 2458 dismembratam
1150 2414 1224 2460 esse
1246 2397 1443 2476 notavimus

272 2500 389 2564 eadem
412 2500 496 2563 haec
520 2498 676 2581 genitalis
701 2497 782 2562 deae
797 2497 926 2562 Dianae
949 2500 1079 2582 species
1102 2501 1139 2563 in
1159 2501 1345 2583 complures
1363 2501 1443 2565 deas

272 2602 365 2672 abiit.
412 2603 497 2668 Nam
520 2623 613 2668 suam
638 2619 789 2686 quaeque
812 2601 878 2667 sihi
900 2603 1026 2668 femina
1049 2606 1144 2669 deam
1165 2607 1344 2670 tutelarem
1368 2622 1443 2671 esse

270 2707 451 2794 putabat⁶)‚
491 2715 592 2792 quare
623 2711 659 2773 in
691 2711 885 2773 universum
918 2712 1058 2794 pluralis
1091 2712 1270 2775 earundem
1308 2713 1444 2776 dearum

270 2835 428 2880 numerus
459 2818 480 2879 i.
505 2834 531 2879 e.
555 2814 682 2879 Dianae
711 2815 767 2878 vel
795 2813 955 2896 Ilithyiae
983 2804 1185 2898 (Ἀρτέμιδες)
1215 2818 1442 2882 credebantur.

270 2921 364 2984 Haec
399 2921 565 2984 sententia
598 2921 850 3001 antiquissimae
881 2921 1056 3003 religionis
1085 2924 1220 3005 propria
1253 2927 1317 3006 oet,
1355 2924 1442 3005 quod

270 3027 421 3090 homines
449 3024 583 3088 facilius
616 3025 763 3108 singulas
794 3041 849 3088 res
878 3025 1080 3109 discemere‚
1112 3044 1211 3109 quam
1232 3047 1345 3094 rerum
1368 3033 1443 3093 uni-

184 3217 186 3222 ·
269 3133 464 3195 versitatam
481 3130 654 3212 cogitando
680 3132 856 3214 complecti
878 3136 1023 3214 possunt.
1061 3131 1155 3197 Talia
1177 3135 1280 3216 igitur
1301 3137 1442 3198 numina

270 3256 337 3300 non
369 3237 475 3299 solum
505 3235 708 3298 'feminarum
745 3237 804 3299 sed
837 3239 938 3301 etiam
968 3240 1110 3302 marium
1140 3240 1297 3303 tutelaria
1330 3246 1365 3304 et
1399 3241 1441 3305 ab

270 3343 363 3406 Ariis
381 3339 610 3420 credebantur,
634 3339 827 3404 Fravashi
843 3340 979 3404 Persice
994 3345 1173 3423 nominata,
1190 3347 1223 3406 et
1239 3363 1258 3407 a
1273 3343 1441 3428 Romanis,

270 3503 482 3512 —-.-—-—

344 3620 369 3703 Ἰ
384 3623 414 3676 Ρ.
428 3621 489 3688 vll,
508 3619 551 3688 23,
565 3621 593 3675 6:
614 3617 759 3691 Eurotam
777 3617 806 3676 δὲ
824 3618 930 3675 rhodam
945 3637 988 3682 τις
1005 3614 1041 3673 ἂν
1057 3617 1127 3674 εἶναι
1144 3622 1241 3696 δᾷδας,
1261 3616 1304 3676 ὅτι
1320 3621 1443 3690 γυναιξὶν

268 3705 299 3763 ἐν
316 3708 364 3782 ἴσῳ
386 3708 504 3777 καὶπῦρ
521 3706 588 3761 εἰσὶν
604 3706 635 3761 αἱ
652 3704 760 3768 ω’δῖνες·
786 3704 871 3774 ἔχοιεν
888 3697 950 3759 δ’ἆν
965 3705 1046 3774 λόγον
1061 3707 1109 3762 καὶ
1126 3704 1170 3762 ἐπὶ
1186 3709 1283 3782 τοιῷδε
1301 3708 1332 3762 cl
1349 3708 1439 3781 δᾷδες,

269 3788 311 3848 ὅτι
329 3793 473 3850 Εἰλείθυιά
490 3790 561 3848 ἐστὶν
577 3787 595 3860 ἡ
614 3788 641 3854 ἐς
658 3793 719 3861 φῶς
736 3786 842 3860 ἄγουσα
857 3788 924 3852 τοὺς
940 3792 1051 3854 παῖδας.
1070 3792 1074 3798 ’

342 3879 364 3948 ²)
384 3881 547 3948 Gcrhard,
567 3881 710 3937 Prodrom.
728 3898 757 3950 p.
776 3881 819 3936 33.
856 3880 1003 3947 Preller,
1023 3881 1113 3950 myth.
1131 3881 1178 3936 Gr.
1196 3882 1218 3948 I,
1237 3900 1265 3951 p.
1283 3881 1346 3937 422.

342 3967 363 4038 ³)
381 3969 409 4026 O.
428 3970 450 4025 I.
468 3969 501 4025 G.
521 3969 598 4036 1537,
624 3968 692 4024 1596
710 3985 751 4037 aq.
788 3969 873 4038 Hym.
891 3968 977 4038 Orph.
994 3969 1031 4034 II,
1053 3987 1079 4024 v.
1098 3970 1140 4024 12.
1175 3969 1339 4025 Callimach.
1356 3970 1392 4026 H.
1409 3971 1440 4024 in

267 4057 348 4115 Dian.
367 4077 393 4114 v.
412 4057 456 4116 21.
491 4058 607 4114 Anthol.
624 4058 714 4114 Palat.
734 4059 758 4124 6,
777 4059 839 4122 242,
857 4056 919 4113 271.

340 4144 362 4216 ⁴)
386 4148 531 4211 Τ119,Λ
549 4147 610 4213 290,
629 4167 645 4201 τ
663 4145 724 4203 188.

341 4233 363 4303 ⁵)
383 4235 412 4290 Ο.
430 4235 453 4290 Ι.
471 4234 504 4289 G.
527 4234 608 4290 1598:
634 4230 738 4304 Ἀγαθῇ
760 4233 838 4303 τύχῃ.
874 4239 940 4304 Auo.
977 4230 1128 4304 Hoeqpa'am
1149 4231 1196 4288 καὶ
1217 4229 1237 4300 ἦ
1258 4231 1328 4303 γυνὴ
1351 4229 1439 4288 αὐτοῦ

266 4320 738 4478 Ανριθᾶζωέᾞηὶίδζζιῆζνδπ
744 4317 1148 4474 ξᾳκῖιιτὲχξῖςριοεῖῑκνξσῗῖἇάπων,
1165 4425 1203 4464 oo.
1215 4408 1306 4463 Diana
1322 4407 1439 4475 ilithyia

266 4499 313 4554 ccl
330 4497 510 4565 Prothyraca.
662 4514 665 4519 ‘
