<?xml version="1.0" encoding="UTF-8"?>
<!DOCTYPE html PUBLIC "-//W3C//DTD XHTML 1.0 Transitional//EN"
    "http://www.w3.org/TR/xhtml1/DTD/xhtml1-transitional.dtd">
<html xmlns="http://www.w3.org/1999/xhtml" xml:lang="en" lang="en">
 <head>
  <title>
</title>
<meta http-equiv="Content-Type" content="text/html;charset=utf-8" />
  <meta name='ocr-system' content='tesseract 3.04.00' />
  <meta name='ocr-capabilities' content='ocr_page ocr_carea ocr_par ocr_line ocrx_word'/>
</head>
<body>
  <div class='ocr_page' id='page_1' title='image "./dedianaeantiqui01claugoog_0045.png"; bbox 0 0 3367 5192; ppageno 0'>
   <div class='ocr_carea' id='block_1_1' title="bbox 223 375 1397 1070">
    <p class='ocr_par' dir='ltr' id='par_1_1' title="bbox 223 375 1397 1070">
     <span class='ocr_line' id='line_1_1' title="bbox 790 375 830 436; baseline -0.025 0"><span class='ocrx_word' id='word_1_1' title='bbox 790 375 830 436; x_wconf 83' lang='lat'>37</span> 
     </span>
     <span class='ocr_line' id='line_1_2' title="bbox 224 581 1397 666; baseline 0.002 -21"><span class='ocrx_word' id='word_1_2' title='bbox 224 585 408 648; x_wconf 80' lang='lat' dir='ltr'>verisimile</span> <span class='ocrx_word' id='word_1_3' title='bbox 439 589 498 664; x_wconf 81' lang='lat' dir='ltr'>est,</span> <span class='ocrx_word' id='word_1_4' title='bbox 528 603 593 666; x_wconf 90' lang='lat' dir='ltr'>qua</span> <span class='ocrx_word' id='word_1_5' title='bbox 622 585 667 649; x_wconf 76' lang='lat' dir='ltr'>de&#39;</span> <span class='ocrx_word' id='word_1_6' title='bbox 690 604 727 649; x_wconf 91' lang='lat' dir='ltr'>re</span> <span class='ocrx_word' id='word_1_7' title='bbox 755 587 907 650; x_wconf 84' lang='lat' dir='ltr'>nonnulli</span> <span class='ocrx_word' id='word_1_8' title='bbox 940 581 1220 665; x_wconf 80' lang='lat' dir='ltr'>dubitaverunt1).</span> <span class='ocrx_word' id='word_1_9' title='bbox 1274 584 1397 648; x_wconf 83' lang='lat' dir='ltr'>Postea</span> 
     </span>
     <span class='ocr_line' id='line_1_3' title="bbox 223 688 1397 776; baseline -0.002 -22"><span class='ocrx_word' id='word_1_10' title='bbox 223 695 336 754; x_wconf 87' lang='lat' dir='ltr'>autem</span> <span class='ocrx_word' id='word_1_11' title='bbox 365 709 385 752; x_wconf 93' lang='lat' dir='ltr'>a</span> <span class='ocrx_word' id='word_1_12' title='bbox 411 690 562 772; x_wconf 88' lang='lat' dir='ltr'>mitigato</span> <span class='ocrx_word' id='word_1_13' title='bbox 587 688 788 756; x_wconf 81' lang='lat' dir='ltr'>Graecorum</span> <span class='ocrx_word' id='word_1_14' title='bbox 816 693 952 776; x_wconf 82' lang='lat' dir='ltr'>ingenio</span> <span class='ocrx_word' id='word_1_15' title='bbox 980 691 1043 754; x_wconf 90' lang='lat' dir='ltr'>hoc</span> <span class='ocrx_word' id='word_1_16' title='bbox 1071 691 1201 774; x_wconf 86' lang='lat' dir='ltr'>priscae</span> <span class='ocrx_word' id='word_1_17' title='bbox 1224 691 1397 772; x_wconf 83' lang='lat' dir='ltr'>religionis</span> 
     </span>
     <span class='ocr_line' id='line_1_4' title="bbox 223 796 1396 880; baseline 0.001 -21"><span class='ocrx_word' id='word_1_18' title='bbox 223 797 416 860; x_wconf 85' lang='lat' dir='ltr'>institutum</span> <span class='ocrx_word' id='word_1_19' title='bbox 442 797 489 859; x_wconf 86' lang='lat' dir='ltr'>ita</span> <span class='ocrx_word' id='word_1_20' title='bbox 523 796 733 878; x_wconf 76' lang='lat' dir='ltr'><strong>abhorrebat,</strong></span> <span class='ocrx_word' id='word_1_21' title='bbox 764 802 802 862; x_wconf 92' lang='lat' dir='ltr'>ut</span> <span class='ocrx_word' id='word_1_22' title='bbox 831 799 949 862; x_wconf 91' lang='lat' dir='ltr'>caedes</span> <span class='ocrx_word' id='word_1_23' title='bbox 977 799 1045 860; x_wconf 89' lang='lat' dir='ltr'>iam</span> <span class='ocrx_word' id='word_1_24' title='bbox 1072 816 1138 860; x_wconf 91' lang='lat' dir='ltr'>non</span> <span class='ocrx_word' id='word_1_25' title='bbox 1166 801 1396 880; x_wconf 72' lang='lat' dir='ltr'>perpetrarent</span> 
     </span>
     <span class='ocr_line' id='line_1_5' title="bbox 228 901 1395 987; baseline 0.001 -23"><span class='ocrx_word' id='word_1_26' title='bbox 228 901 285 966; x_wconf 86' lang='lat' dir='ltr'>sed</span> <span class='ocrx_word' id='word_1_27' title='bbox 300 902 520 966; x_wconf 88' lang='lat' dir='ltr'>caerimonias</span> <span class='ocrx_word' id='word_1_28' title='bbox 536 906 664 966; x_wconf 89' lang='lat' dir='ltr'>tantum</span> <span class='ocrx_word' id='word_1_29' title='bbox 679 903 773 967; x_wconf 87' lang='lat' dir='ltr'>velut</span> <span class='ocrx_word' id='word_1_30' title='bbox 788 903 1048 987; x_wconf 86' lang='lat' dir='ltr'>flagellationem</span> <span class='ocrx_word' id='word_1_31' title='bbox 1064 905 1099 966; x_wconf 89' lang='lat' dir='ltr'>ot</span> <span class='ocrx_word' id='word_1_32' title='bbox 1113 903 1395 966; x_wconf 86' lang='lat' dir='ltr'>consecrationem</span> 
     </span>
     <span class='ocr_line' id='line_1_6' title="bbox 227 1008 611 1070; baseline -0.003 0"><span class='ocrx_word' id='word_1_33' title='bbox 227 1008 397 1070; x_wconf 88' lang='lat' dir='ltr'>hominum</span> <span class='ocrx_word' id='word_1_34' title='bbox 419 1008 611 1070; x_wconf 79' lang='lat' dir='ltr'>retinerent.</span> 
     </span>
    </p>
   </div>
   <div class='ocr_carea' id='block_1_2' title="bbox 216 1145 1395 3871">
    <p class='ocr_par' dir='ltr' id='par_1_2' title="bbox 216 1145 1395 3871">
     <span class='ocr_line' id='line_1_7' title="bbox 315 1145 1395 1230; baseline -0.003 -17"><span class='ocrx_word' id='word_1_35' title='bbox 315 1147 464 1213; x_wconf 91' lang='lat' dir='ltr'>Primum</span> <span class='ocrx_word' id='word_1_36' title='bbox 482 1145 615 1230; x_wconf 88' lang='lat' dir='ltr'>quidem</span> <span class='ocrx_word' id='word_1_37' title='bbox 631 1149 808 1213; x_wconf 90' lang='lat' dir='ltr'>multorum</span> <span class='ocrx_word' id='word_1_38' title='bbox 822 1153 992 1212; x_wconf 89' lang='lat' dir='ltr'>auctorum</span> <span class='ocrx_word' id='word_1_39' title='bbox 1003 1149 1203 1212; x_wconf 82' lang='lat' dir='ltr'>testimoniis</span> <span class='ocrx_word' id='word_1_40' title='bbox 1213 1145 1239 1230; x_wconf 78' lang='lat'>²)</span> <span class='ocrx_word' id='word_1_41' title='bbox 1253 1149 1395 1211; x_wconf 82' lang='lat' dir='ltr'>traditur</span> 
     </span>
     <span class='ocr_line' id='line_1_8' title="bbox 224 1251 1395 1337; baseline -0.002 -19"><span class='ocrx_word' id='word_1_42' title='bbox 224 1253 354 1318; x_wconf 91' lang='lat' dir='ltr'>Dianae</span> <span class='ocrx_word' id='word_1_43' title='bbox 379 1251 513 1318; x_wconf 78' lang='lat' dir='ltr'>Orthiae</span> <span class='ocrx_word' id='word_1_44' title='bbox 530 1274 549 1318; x_wconf 88' lang='lat' dir='ltr'>a</span> <span class='ocrx_word' id='word_1_45' title='bbox 564 1252 734 1337; x_wconf 82' lang='lat' dir='ltr'>Spartanis</span> <span class='ocrx_word' id='word_1_46' title='bbox 759 1259 834 1318; x_wconf 89' lang='lat' dir='ltr'>anto</span> <span class='ocrx_word' id='word_1_47' title='bbox 850 1253 1040 1336; x_wconf 84' lang='lat' dir='ltr'>Lycurgum</span> <span class='ocrx_word' id='word_1_48' title='bbox 1053 1256 1193 1335; x_wconf 85' lang='lat' dir='ltr'>juvenes</span> <span class='ocrx_word' id='word_1_49' title='bbox 1207 1255 1395 1317; x_wconf 87' lang='lat' dir='ltr'>immolatos</span> 
     </span>
     <span class='ocr_line' id='line_1_9' title="bbox 223 1358 1394 1446; baseline -0.003 -21"><span class='ocrx_word' id='word_1_50' title='bbox 223 1379 314 1425; x_wconf 88' lang='lat' dir='ltr'>esse:</span> <span class='ocrx_word' id='word_1_51' title='bbox 338 1365 454 1444; x_wconf 86' lang='lat' dir='ltr'>postea</span> <span class='ocrx_word' id='word_1_52' title='bbox 475 1379 556 1425; x_wconf 87' lang='lat' dir='ltr'>voro</span> <span class='ocrx_word' id='word_1_53' title='bbox 576 1360 678 1424; x_wconf 90' lang='lat' dir='ltr'>ritum</span> <span class='ocrx_word' id='word_1_54' title='bbox 692 1361 740 1423; x_wconf 89' lang='lat' dir='ltr'>ita</span> <span class='ocrx_word' id='word_1_55' title='bbox 755 1365 918 1424; x_wconf 90' lang='lat' dir='ltr'>mutatum</span> <span class='ocrx_word' id='word_1_56' title='bbox 934 1379 1018 1442; x_wconf 87' lang='lat' dir='ltr'>esse,</span> <span class='ocrx_word' id='word_1_57' title='bbox 1040 1364 1078 1422; x_wconf 89' lang='lat' dir='ltr'>nt</span> <span class='ocrx_word' id='word_1_58' title='bbox 1091 1359 1235 1444; x_wconf 88' lang='lat' dir='ltr'>puberes</span> <span class='ocrx_word' id='word_1_59' title='bbox 1250 1358 1394 1446; x_wconf 85' lang='lat' dir='ltr'>flagellis</span> 
     </span>
     <span class='ocr_line' id='line_1_10' title="bbox 225 1464 1394 1549; baseline -0.001 -20"><span class='ocrx_word' id='word_1_60' title='bbox 225 1469 315 1530; x_wconf 89' lang='lat' dir='ltr'>caesi</span> <span class='ocrx_word' id='word_1_61' title='bbox 348 1466 429 1530; x_wconf 87' lang='lat' dir='ltr'>deae</span> <span class='ocrx_word' id='word_1_62' title='bbox 463 1467 595 1548; x_wconf 87' lang='lat' dir='ltr'>signnm</span> <span class='ocrx_word' id='word_1_63' title='bbox 626 1484 742 1533; x_wconf 89' lang='lat' dir='ltr'>cruore</span> <span class='ocrx_word' id='word_1_64' title='bbox 773 1466 1016 1549; x_wconf 84' lang='lat' dir='ltr'>adspargerent.</span> <span class='ocrx_word' id='word_1_65' title='bbox 1061 1464 1201 1528; x_wconf 88' lang='lat' dir='ltr'>Dianam</span> <span class='ocrx_word' id='word_1_66' title='bbox 1232 1467 1322 1528; x_wconf 91' lang='lat' dir='ltr'>enim</span> <span class='ocrx_word' id='word_1_67' title='bbox 1352 1464 1394 1529; x_wconf 91' lang='lat' dir='ltr'>de</span> 
     </span>
     <span class='ocr_line' id='line_1_11' title="bbox 227 1570 1394 1654; baseline -0.002 -19"><span class='ocrx_word' id='word_1_68' title='bbox 227 1573 436 1636; x_wconf 86' lang='lat' dir='ltr'>comminutis</span> <span class='ocrx_word' id='word_1_69' title='bbox 471 1572 574 1635; x_wconf 87' lang='lat' dir='ltr'>sacris</span> <span class='ocrx_word' id='word_1_70' title='bbox 607 1572 716 1635; x_wconf 87' lang='lat' dir='ltr'>minus</span> <span class='ocrx_word' id='word_1_71' title='bbox 751 1571 997 1654; x_wconf 88' lang='lat' dir='ltr'>indignaturam</span> <span class='ocrx_word' id='word_1_72' title='bbox 1031 1589 1104 1634; x_wconf 90' lang='lat' dir='ltr'>esse</span> <span class='ocrx_word' id='word_1_73' title='bbox 1140 1570 1329 1653; x_wconf 81' lang='lat' dir='ltr'>censebant,</span> <span class='ocrx_word' id='word_1_74' title='bbox 1364 1571 1394 1634; x_wconf 91' lang='lat' dir='ltr'>si</span> 
     </span>
     <span class='ocr_line' id='line_1_12' title="bbox 225 1675 1393 1759; baseline 0 -19"><span class='ocrx_word' id='word_1_75' title='bbox 225 1678 339 1741; x_wconf 92' lang='lat' dir='ltr'>eodem</span> <span class='ocrx_word' id='word_1_76' title='bbox 363 1679 458 1741; x_wconf 92' lang='lat' dir='ltr'>modo</span> <span class='ocrx_word' id='word_1_77' title='bbox 481 1696 545 1759; x_wconf 90' lang='lat' dir='ltr'>quo</span> <span class='ocrx_word' id='word_1_78' title='bbox 569 1682 666 1740; x_wconf 89' lang='lat' dir='ltr'>antea</span> <span class='ocrx_word' id='word_1_79' title='bbox 683 1675 809 1740; x_wconf 90' lang='lat' dir='ltr'>Dianae</span> <span class='ocrx_word' id='word_1_80' title='bbox 833 1679 1098 1758; x_wconf 88' lang='lat' dir='ltr'>antiquissimam</span> <span class='ocrx_word' id='word_1_81' title='bbox 1119 1680 1260 1740; x_wconf 88' lang='lat' dir='ltr'>statuam</span> <span class='ocrx_word' id='word_1_82' title='bbox 1277 1694 1393 1740; x_wconf 88' lang='lat' dir='ltr'>cruore</span> 
     </span>
     <span class='ocr_line' id='line_1_13' title="bbox 224 1781 1394 1847; baseline -0.002 -1"><span class='ocrx_word' id='word_1_83' title='bbox 224 1783 455 1847; x_wconf 90' lang='lat' dir='ltr'>madidassent.</span> <span class='ocrx_word' id='word_1_84' title='bbox 500 1782 630 1847; x_wconf 89' lang='lat' dir='ltr'>Deinde</span> <span class='ocrx_word' id='word_1_85' title='bbox 657 1785 692 1845; x_wconf 91' lang='lat' dir='ltr'>in</span> <span class='ocrx_word' id='word_1_86' title='bbox 714 1781 919 1846; x_wconf 87' lang='lat' dir='ltr'>Brauroniae</span> <span class='ocrx_word' id='word_1_87' title='bbox 941 1781 1069 1845; x_wconf 92' lang='lat' dir='ltr'>Dianae</span> <span class='ocrx_word' id='word_1_88' title='bbox 1100 1782 1192 1845; x_wconf 91' lang='lat' dir='ltr'>cultu</span> <span class='ocrx_word' id='word_1_89' title='bbox 1214 1782 1394 1846; x_wconf 89' lang='lat' dir='ltr'>homicidia</span> 
     </span>
     <span class='ocr_line' id='line_1_14' title="bbox 223 1885 1391 1972; baseline -0.003 -20"><span class='ocrx_word' id='word_1_90' title='bbox 223 1891 329 1972; x_wconf 89' lang='lat' dir='ltr'>primo</span> <span class='ocrx_word' id='word_1_91' title='bbox 346 1889 494 1954; x_wconf 89' lang='lat' dir='ltr'>adhibita</span> <span class='ocrx_word' id='word_1_92' title='bbox 510 1908 583 1954; x_wconf 87' lang='lat' dir='ltr'>csso</span> <span class='ocrx_word' id='word_1_93' title='bbox 600 1888 779 1953; x_wconf 86' lang='lat' dir='ltr'>Suohierus</span> <span class='ocrx_word' id='word_1_94' title='bbox 795 1886 850 1970; x_wconf 82' lang='lat' dir='ltr'>(de</span> <span class='ocrx_word' id='word_1_95' title='bbox 866 1887 973 1953; x_wconf 87' lang='lat' dir='ltr'>Diana</span> <span class='ocrx_word' id='word_1_96' title='bbox 982 1885 1174 1968; x_wconf 87' lang='lat' dir='ltr'>Brauronia,</span> <span class='ocrx_word' id='word_1_97' title='bbox 1189 1887 1293 1952; x_wconf 87' lang='lat' dir='ltr'>Marb.</span> <span class='ocrx_word' id='word_1_98' title='bbox 1307 1889 1391 1951; x_wconf 82' lang='grc'><strong>1847</strong></span> 
     </span>
     <span class='ocr_line' id='line_1_15' title="bbox 221 1993 1393 2078; baseline -0.001 -21"><span class='ocrx_word' id='word_1_99' title='bbox 221 2016 250 2078; x_wconf 89' lang='lat' dir='ltr'>p.</span> <span class='ocrx_word' id='word_1_100' title='bbox 274 1997 317 2058; x_wconf 78' lang='lat'>24</span> <span class='ocrx_word' id='word_1_101' title='bbox 341 1999 375 2057; x_wconf 90' lang='lat' dir='ltr'>et</span> <span class='ocrx_word' id='word_1_102' title='bbox 398 1993 453 2075; x_wconf 89' lang='lat'>33)</span> <span class='ocrx_word' id='word_1_103' title='bbox 479 1994 641 2078; x_wconf 87' lang='lat' dir='ltr'>probavit,</span> <span class='ocrx_word' id='word_1_104' title='bbox 671 1996 728 2076; x_wconf 92' lang='lat' dir='ltr'>qui</span> <span class='ocrx_word' id='word_1_105' title='bbox 756 1994 845 2059; x_wconf 89' lang='lat' dir='ltr'>idem</span> <span class='ocrx_word' id='word_1_106' title='bbox 873 1994 955 2057; x_wconf 91' lang='lat' dir='ltr'>haec</span> <span class='ocrx_word' id='word_1_107' title='bbox 992 1994 1151 2056; x_wconf 91' lang='lat' dir='ltr'>immania</span> <span class='ocrx_word' id='word_1_108' title='bbox 1180 1993 1343 2057; x_wconf 90' lang='lat' dir='ltr'>sacrificia</span> <span class='ocrx_word' id='word_1_109' title='bbox 1374 2013 1393 2056; x_wconf 94' lang='lat' dir='ltr'>a</span> 
     </span>
     <span class='ocr_line' id='line_1_16' title="bbox 222 2099 1392 2184; baseline -0.001 -21"><span class='ocrx_word' id='word_1_110' title='bbox 222 2101 373 2165; x_wconf 87' lang='lat' dir='ltr'>barbaris</span> <span class='ocrx_word' id='word_1_111' title='bbox 397 2101 523 2164; x_wconf 89' lang='lat' dir='ltr'>adscita</span> <span class='ocrx_word' id='word_1_112' title='bbox 547 2119 620 2164; x_wconf 91' lang='lat' dir='ltr'>esse</span> <span class='ocrx_word' id='word_1_113' title='bbox 643 2104 735 2164; x_wconf 88' lang='lat' dir='ltr'>recto</span> <span class='ocrx_word' id='word_1_114' title='bbox 757 2101 902 2184; x_wconf 85' lang='lat' dir='ltr'>negavit.</span> <span class='ocrx_word' id='word_1_115' title='bbox 940 2102 1052 2183; x_wconf 88' lang='lat' dir='ltr'>Atque</span> <span class='ocrx_word' id='word_1_116' title='bbox 1075 2100 1134 2165; x_wconf 92' lang='lat' dir='ltr'>illo</span> <span class='ocrx_word' id='word_1_117' title='bbox 1158 2099 1292 2180; x_wconf 88' lang='lat' dir='ltr'>quidem</span> <span class='ocrx_word' id='word_1_118' title='bbox 1320 2099 1392 2162; x_wconf 93' lang='lat' dir='ltr'>loco</span> 
     </span>
     <span class='ocr_line' id='line_1_17' title="bbox 219 2198 1393 2288; baseline -0.001 -19"><span class='ocrx_word' id='word_1_119' title='bbox 219 2207 350 2288; x_wconf 88' lang='lat' dir='ltr'>puellas</span> <span class='ocrx_word' id='word_1_120' title='bbox 373 2207 452 2270; x_wconf 92' lang='lat' dir='ltr'>olim</span> <span class='ocrx_word' id='word_1_121' title='bbox 475 2210 635 2270; x_wconf 86' lang='lat' dir='ltr'>mactatas</span> <span class='ocrx_word' id='word_1_122' title='bbox 659 2225 732 2270; x_wconf 88' lang='lat' dir='ltr'>esse</span> <span class='ocrx_word' id='word_1_123' title='bbox 762 2225 805 2269; x_wconf 85' lang='lat' dir='ltr'>ex</span> <span class='ocrx_word' id='word_1_124' title='bbox 834 2207 1044 2287; x_wconf 80' lang='lat' dir='ltr'>caerimonia,</span> <span class='ocrx_word' id='word_1_125' title='bbox 1074 2224 1159 2287; x_wconf 88' lang='lat' dir='ltr'>quae</span> <span class='ocrx_word' id='word_1_126' title='bbox 1183 2198 1313 2282; x_wconf 75' lang='grc' dir='ltr'><strong><em>ἄρκτεία</em></strong></span> <span class='ocrx_word' id='word_1_127' title='bbox 1335 2224 1393 2268; x_wconf 90' lang='lat' dir='ltr'>no-</span> 
     </span>
     <span class='ocr_line' id='line_1_18' title="bbox 220 2309 1392 2395; baseline -0.002 -21"><span class='ocrx_word' id='word_1_128' title='bbox 220 2313 417 2394; x_wconf 87' lang='lat' dir='ltr'>minabatur,</span> <span class='ocrx_word' id='word_1_129' title='bbox 443 2313 601 2395; x_wconf 76' lang='lat' dir='ltr'>colligere</span> <span class='ocrx_word' id='word_1_130' title='bbox 624 2329 807 2394; x_wconf 82' lang='lat' dir='ltr'>possumus</span> <span class='ocrx_word' id='word_1_131' title='bbox 837 2309 912 2374; x_wconf 87' lang='lat' dir='ltr'>Non</span> <span class='ocrx_word' id='word_1_132' title='bbox 934 2312 1048 2393; x_wconf 90' lang='lat' dir='ltr'>procul</span> <span class='ocrx_word' id='word_1_133' title='bbox 1065 2331 1084 2373; x_wconf 93' lang='lat' dir='ltr'>a</span> <span class='ocrx_word' id='word_1_134' title='bbox 1099 2309 1269 2374; x_wconf 90' lang='lat' dir='ltr'>Braurone</span> <span class='ocrx_word' id='word_1_135' title='bbox 1286 2311 1392 2373; x_wconf 88' lang='lat' dir='ltr'>altera</span> 
     </span>
     <span class='ocr_line' id='line_1_19' title="bbox 221 2413 1390 2498; baseline 0 -20"><span class='ocrx_word' id='word_1_136' title='bbox 221 2417 303 2480; x_wconf 90' lang='lat' dir='ltr'>deae</span> <span class='ocrx_word' id='word_1_137' title='bbox 335 2418 435 2480; x_wconf 88' lang='lat' dir='ltr'>huius</span> <span class='ocrx_word' id='word_1_138' title='bbox 468 2419 718 2498; x_wconf 88' lang='lat' dir='ltr'>antiquissimae</span> <span class='ocrx_word' id='word_1_139' title='bbox 750 2415 850 2480; x_wconf 87' lang='lat' dir='ltr'>aedes</span> <span class='ocrx_word' id='word_1_140' title='bbox 881 2421 960 2498; x_wconf 87' lang='lat' dir='ltr'>erat,</span> <span class='ocrx_word' id='word_1_141' title='bbox 992 2413 1089 2479; x_wconf 86' lang='lat' dir='ltr'>Halia</span> <span class='ocrx_word' id='word_1_142' title='bbox 1112 2415 1390 2498; x_wconf 87' lang='lat' dir='ltr'>Araphenidibus,</span> 
     </span>
     <span class='ocr_line' id='line_1_20' title="bbox 219 2521 1390 2605; baseline 0 -21"><span class='ocrx_word' id='word_1_143' title='bbox 219 2523 278 2587; x_wconf 89' lang='lat' dir='ltr'>ubi</span> <span class='ocrx_word' id='word_1_144' title='bbox 300 2522 428 2586; x_wconf 88' lang='lat' dir='ltr'>Dianae</span> <span class='ocrx_word' id='word_1_145' title='bbox 461 2527 577 2605; x_wconf 88' lang='lat' dir='ltr'>postea</span> <span class='ocrx_word' id='word_1_146' title='bbox 609 2521 811 2604; x_wconf 77' lang='lat' dir='ltr'>Tauropolao</span> <span class='ocrx_word' id='word_1_147' title='bbox 845 2523 1094 2603; x_wconf 82' lang='lat' dir='ltr'>cognominatae</span> <span class='ocrx_word' id='word_1_148' title='bbox 1129 2521 1254 2584; x_wconf 90' lang='lat' dir='ltr'>cultum</span> <span class='ocrx_word' id='word_1_149' title='bbox 1285 2521 1390 2584; x_wconf 82' lang='lat' dir='ltr'>fuisse</span> 
     </span>
     <span class='ocr_line' id='line_1_21' title="bbox 220 2625 1391 2712; baseline 0 -21"><span class='ocrx_word' id='word_1_150' title='bbox 220 2627 396 2711; x_wconf 81' lang='lat' dir='ltr'>Euripides</span> <span class='ocrx_word' id='word_1_151' title='bbox 412 2627 529 2712; x_wconf 85' lang='lat' dir='ltr'>(Iphig.</span> <span class='ocrx_word' id='word_1_152' title='bbox 543 2627 636 2690; x_wconf 77' lang='lat' dir='ltr'>Taur.</span> <span class='ocrx_word' id='word_1_153' title='bbox 648 2648 678 2690; x_wconf 82' lang='lat' dir='ltr'>r.</span> <span class='ocrx_word' id='word_1_154' title='bbox 694 2627 926 2708; x_wconf 76' lang='lat'>1450—1467)</span> <span class='ocrx_word' id='word_1_155' title='bbox 938 2645 997 2690; x_wconf 91' lang='lat' dir='ltr'>nos</span> <span class='ocrx_word' id='word_1_156' title='bbox 1010 2628 1113 2691; x_wconf 91' lang='lat' dir='ltr'>docet.</span> <span class='ocrx_word' id='word_1_157' title='bbox 1136 2625 1197 2690; x_wconf 83' lang='lat' dir='ltr'>Vir</span> <span class='ocrx_word' id='word_1_158' title='bbox 1208 2627 1257 2691; x_wconf 90' lang='lat' dir='ltr'>ibi</span> <span class='ocrx_word' id='word_1_159' title='bbox 1270 2627 1391 2708; x_wconf 90' lang='lat' dir='ltr'>aliquis</span> 
     </span>
     <span class='ocr_line' id='line_1_22' title="bbox 218 2731 1390 2816; baseline 0 -20"><span class='ocrx_word' id='word_1_160' title='bbox 218 2733 328 2816; x_wconf 87' lang='lat' dir='ltr'>gladio</span> <span class='ocrx_word' id='word_1_161' title='bbox 352 2733 393 2796; x_wconf 92' lang='lat' dir='ltr'>ad</span> <span class='ocrx_word' id='word_1_162' title='bbox 415 2733 563 2796; x_wconf 87' lang='lat' dir='ltr'>cervices</span> <span class='ocrx_word' id='word_1_163' title='bbox 584 2732 714 2796; x_wconf 88' lang='lat' dir='ltr'>admoto</span> <span class='ocrx_word' id='word_1_164' title='bbox 736 2749 886 2795; x_wconf 88' lang='lat' dir='ltr'>cruorem</span> <span class='ocrx_word' id='word_1_165' title='bbox 909 2732 1060 2795; x_wconf 85' lang='lat' dir='ltr'>omittere</span> <span class='ocrx_word' id='word_1_166' title='bbox 1083 2731 1270 2814; x_wconf 87' lang='lat' dir='ltr'>cogebatur,</span> <span class='ocrx_word' id='word_1_167' title='bbox 1291 2751 1390 2814; x_wconf 90' lang='lat' dir='ltr'>quem</span> 
     </span>
     <span class='ocr_line' id='line_1_23' title="bbox 219 2835 1389 2920; baseline 0 -18"><span class='ocrx_word' id='word_1_168' title='bbox 219 2858 344 2902; x_wconf 92' lang='lat' dir='ltr'>morem</span> <span class='ocrx_word' id='word_1_169' title='bbox 372 2840 408 2902; x_wconf 92' lang='lat' dir='ltr'>in</span> <span class='ocrx_word' id='word_1_170' title='bbox 433 2838 604 2902; x_wconf 91' lang='lat' dir='ltr'>homicidii</span> <span class='ocrx_word' id='word_1_171' title='bbox 629 2835 739 2900; x_wconf 90' lang='lat' dir='ltr'>locum</span> <span class='ocrx_word' id='word_1_172' title='bbox 759 2838 962 2900; x_wconf 86' lang='lat' dir='ltr'>successisse</span> <span class='ocrx_word' id='word_1_173' title='bbox 979 2841 1122 2920; x_wconf 86' lang='lat' dir='ltr'>apparot.</span> <span class='ocrx_word' id='word_1_174' title='bbox 1160 2836 1242 2900; x_wconf 77' lang='lat' dir='ltr'>Tum</span> <span class='ocrx_word' id='word_1_175' title='bbox 1262 2837 1389 2902; x_wconf 89' lang='lat' dir='ltr'>Dianae</span> 
     </span>
     <span class='ocr_line' id='line_1_24' title="bbox 218 2941 1389 3025; baseline -0.001 -17"><span class='ocrx_word' id='word_1_176' title='bbox 218 2941 410 3008; x_wconf 86' lang='lat' dir='ltr'>Munichiae</span> <span class='ocrx_word' id='word_1_177' title='bbox 440 2944 548 3007; x_wconf 89' lang='lat' dir='ltr'>cultus</span> <span class='ocrx_word' id='word_1_178' title='bbox 578 2944 808 3025; x_wconf 89' lang='lat' dir='ltr'>antiquissimo</span> <span class='ocrx_word' id='word_1_179' title='bbox 832 2947 981 3025; x_wconf 90' lang='lat' dir='ltr'>temporo</span> <span class='ocrx_word' id='word_1_180' title='bbox 999 2944 1140 3024; x_wconf 80' lang='lat' dir='ltr'>virginis</span> <span class='ocrx_word' id='word_1_181' title='bbox 1163 2943 1389 3008; x_wconf 91' lang='lat' dir='ltr'>immolatione</span> 
     </span>
     <span class='ocr_line' id='line_1_25' title="bbox 218 3049 1390 3133; baseline -0.001 -20"><span class='ocrx_word' id='word_1_182' title='bbox 218 3049 436 3133; x_wconf 85' lang='lat' dir='ltr'>polluebatur,</span> <span class='ocrx_word' id='word_1_183' title='bbox 457 3050 553 3113; x_wconf 88' lang='lat' dir='ltr'>cuius</span> <span class='ocrx_word' id='word_1_184' title='bbox 569 3050 605 3112; x_wconf 89' lang='lat' dir='ltr'>in</span> <span class='ocrx_word' id='word_1_185' title='bbox 623 3049 731 3112; x_wconf 89' lang='lat' dir='ltr'>locum</span> <span class='ocrx_word' id='word_1_186' title='bbox 745 3053 860 3131; x_wconf 89' lang='lat' dir='ltr'>postea</span> <span class='ocrx_word' id='word_1_187' title='bbox 873 3067 971 3131; x_wconf 90' lang='lat' dir='ltr'>capra</span> <span class='ocrx_word' id='word_1_188' title='bbox 982 3049 1132 3112; x_wconf 87' lang='lat' dir='ltr'>vestibus</span> <span class='ocrx_word' id='word_1_189' title='bbox 1143 3050 1179 3111; x_wconf 90' lang='lat' dir='ltr'>in</span> <span class='ocrx_word' id='word_1_190' title='bbox 1190 3049 1390 3132; x_wconf 88' lang='lat' dir='ltr'>virginalem</span> 
     </span>
     <span class='ocr_line' id='line_1_26' title="bbox 217 3151 1387 3236; baseline 0.001 -18"><span class='ocrx_word' id='word_1_191' title='bbox 217 3156 367 3220; x_wconf 90' lang='lat' dir='ltr'>habitum</span> <span class='ocrx_word' id='word_1_192' title='bbox 388 3153 503 3218; x_wconf 88' lang='lat' dir='ltr'>induta</span> <span class='ocrx_word' id='word_1_193' title='bbox 522 3151 783 3234; x_wconf 74' lang='lat' dir='ltr'>immolabatur³l</span> <span class='ocrx_word' id='word_1_194' title='bbox 795 3151 957 3218; x_wconf 86' lang='lat' dir='ltr'>Memoria</span> <span class='ocrx_word' id='word_1_195' title='bbox 971 3153 1090 3236; x_wconf 85' lang='lat' dir='ltr'>dignus</span> <span class='ocrx_word' id='word_1_196' title='bbox 1108 3157 1160 3217; x_wconf 87' lang='lat' dir='ltr'>est</span> <span class='ocrx_word' id='word_1_197' title='bbox 1175 3153 1387 3219; x_wconf 84' lang='lat' dir='ltr'>Achaeorum</span> 
     </span>
     <span class='ocr_line' id='line_1_27' title="bbox 218 3255 1388 3342; baseline 0 -18"><span class='ocrx_word' id='word_1_198' title='bbox 218 3262 336 3342; x_wconf 90' lang='lat' dir='ltr'>cultus,</span> <span class='ocrx_word' id='word_1_199' title='bbox 354 3279 454 3342; x_wconf 88' lang='lat' dir='ltr'>quom</span> <span class='ocrx_word' id='word_1_200' title='bbox 466 3260 545 3324; x_wconf 88' lang='lat' dir='ltr'>olim</span> <span class='ocrx_word' id='word_1_201' title='bbox 554 3259 663 3323; x_wconf 89' lang='lat' dir='ltr'>Patris</span> <span class='ocrx_word' id='word_1_202' title='bbox 676 3259 779 3322; x_wconf 90' lang='lat' dir='ltr'>fuisse</span> <span class='ocrx_word' id='word_1_203' title='bbox 790 3257 973 3323; x_wconf 88' lang='lat' dir='ltr'>Pausanias</span> <span class='ocrx_word' id='word_1_204' title='bbox 982 3255 1009 3339; x_wconf 74' lang='grc'>4)</span> <span class='ocrx_word' id='word_1_205' title='bbox 1025 3259 1196 3323; x_wconf 88' lang='lat' dir='ltr'>describit:</span> <span class='ocrx_word' id='word_1_206' title='bbox 1213 3263 1388 3342; x_wconf 90' lang='lat' dir='ltr'>quotannis</span> 
     </span>
     <span class='ocr_line' id='line_1_28' title="bbox 218 3363 1388 3448; baseline 0 -18"><span class='ocrx_word' id='word_1_207' title='bbox 218 3368 306 3430; x_wconf 90' lang='lat' dir='ltr'>enim</span> <span class='ocrx_word' id='word_1_208' title='bbox 316 3368 481 3447; x_wconf 84' lang='lat' dir='ltr'>virginem</span> <span class='ocrx_word' id='word_1_209' title='bbox 494 3370 527 3428; x_wconf 90' lang='lat' dir='ltr'>et</span> <span class='ocrx_word' id='word_1_210' title='bbox 537 3384 686 3448; x_wconf 77' lang='lat' dir='ltr'>puerum,</span> <span class='ocrx_word' id='word_1_211' title='bbox 699 3366 756 3446; x_wconf 91' lang='lat' dir='ltr'>qui</span> <span class='ocrx_word' id='word_1_212' title='bbox 767 3363 873 3427; x_wconf 83' lang='lat' dir='ltr'>lornra</span> <span class='ocrx_word' id='word_1_213' title='bbox 881 3370 992 3428; x_wconf 90' lang='lat' dir='ltr'>essent</span> <span class='ocrx_word' id='word_1_214' title='bbox 999 3365 1248 3448; x_wconf 87' lang='lat' dir='ltr'>elegantissimi,</span> <span class='ocrx_word' id='word_1_215' title='bbox 1260 3364 1388 3430; x_wconf 90' lang='lat' dir='ltr'>Dianae</span> 
     </span>
     <span class='ocr_line' id='line_1_29' title="bbox 217 3470 1387 3556; baseline 0.001 -21"><span class='ocrx_word' id='word_1_216' title='bbox 217 3472 406 3536; x_wconf 90' lang='lat' dir='ltr'>mactabant</span> <span class='ocrx_word' id='word_1_217' title='bbox 440 3473 635 3556; x_wconf 91' lang='lat' dir='ltr'>cognomine</span> <span class='ocrx_word' id='word_1_218' title='bbox 665 3470 853 3535; x_wconf 78' lang='lat' dir='ltr'>Triclariae.</span> <span class='ocrx_word' id='word_1_219' title='bbox 913 3470 1104 3553; x_wconf 77' lang='lat' dir='ltr'>Eurypylus</span> <span class='ocrx_word' id='word_1_220' title='bbox 1131 3490 1211 3535; x_wconf 87' lang='lat' dir='ltr'>vero</span> <span class='ocrx_word' id='word_1_221' title='bbox 1244 3472 1387 3555; x_wconf 89' lang='lat' dir='ltr'>quidam,</span> 
     </span>
     <span class='ocr_line' id='line_1_30' title="bbox 218 3575 1387 3660; baseline 0.001 -20"><span class='ocrx_word' id='word_1_222' title='bbox 218 3580 275 3659; x_wconf 90' lang='lat' dir='ltr'>qui</span> <span class='ocrx_word' id='word_1_223' title='bbox 297 3576 436 3658; x_wconf 91' lang='lat' dir='ltr'>Dionysi</span> <span class='ocrx_word' id='word_1_224' title='bbox 459 3596 552 3642; x_wconf 89' lang='lat' dir='ltr'>sacra</span> <span class='ocrx_word' id='word_1_225' title='bbox 575 3595 649 3641; x_wconf 88' lang='lat' dir='ltr'>cum</span> <span class='ocrx_word' id='word_1_226' title='bbox 674 3577 768 3660; x_wconf 88' lang='lat' dir='ltr'>signo</span> <span class='ocrx_word' id='word_1_227' title='bbox 791 3575 847 3640; x_wconf 91' lang='lat' dir='ltr'>dei</span> <span class='ocrx_word' id='word_1_228' title='bbox 875 3577 1104 3657; x_wconf 85' lang='lat' dir='ltr'>antiquissimo</span> <span class='ocrx_word' id='word_1_229' title='bbox 1132 3577 1298 3660; x_wconf 84' lang='lat' dir='ltr'>attulerat,</span> <span class='ocrx_word' id='word_1_230' title='bbox 1327 3579 1387 3641; x_wconf 90' lang='lat' dir='ltr'>illa</span> 
     </span>
     <span class='ocr_line' id='line_1_31' title="bbox 216 3679 1386 3746; baseline 0.001 -1"><span class='ocrx_word' id='word_1_231' title='bbox 216 3682 344 3746; x_wconf 88' lang='lat' dir='ltr'>Dianae</span> <span class='ocrx_word' id='word_1_232' title='bbox 378 3683 487 3746; x_wconf 91' lang='lat' dir='ltr'>finivit</span> <span class='ocrx_word' id='word_1_233' title='bbox 521 3701 622 3746; x_wconf 91' lang='lat' dir='ltr'>sacra.</span> <span class='ocrx_word' id='word_1_234' title='bbox 669 3681 824 3745; x_wconf 76' lang='lat' dir='ltr'>Ueterum</span> <span class='ocrx_word' id='word_1_235' title='bbox 855 3681 949 3743; x_wconf 91' lang='lat' dir='ltr'>illam</span> <span class='ocrx_word' id='word_1_236' title='bbox 982 3700 1001 3743; x_wconf 94' lang='lat' dir='ltr'>a</span> <span class='ocrx_word' id='word_1_237' title='bbox 1031 3679 1198 3744; x_wconf 88' lang='lat' dir='ltr'>Pausania</span> <span class='ocrx_word' id='word_1_238' title='bbox 1231 3683 1386 3746; x_wconf 88' lang='lat' dir='ltr'>traditam</span> 
     </span>
     <span class='ocr_line' id='line_1_32' title="bbox 218 3787 1390 3871; baseline 0 -21"><span class='ocrx_word' id='word_1_239' title='bbox 218 3787 374 3869; x_wconf 86' lang='lat' dir='ltr'>fabulam,</span> <span class='ocrx_word' id='word_1_240' title='bbox 399 3807 463 3870; x_wconf 91' lang='lat' dir='ltr'>qua</span> <span class='ocrx_word' id='word_1_241' title='bbox 486 3789 657 3851; x_wconf 89' lang='lat' dir='ltr'>hominum</span> <span class='ocrx_word' id='word_1_242' title='bbox 676 3787 912 3851; x_wconf 89' lang='lat' dir='ltr'>immolationis</span> <span class='ocrx_word' id='word_1_243' title='bbox 929 3788 1090 3870; x_wconf 89' lang='lat' dir='ltr'>originem</span> <span class='ocrx_word' id='word_1_244' title='bbox 1106 3787 1276 3871; x_wconf 83' lang='lat' dir='ltr'>explicare</span> <span class='ocrx_word' id='word_1_245' title='bbox 1292 3806 1390 3851; x_wconf 92' lang='lat' dir='ltr'>cona·</span> 
     </span>
    </p>
   </div>
   <div class='ocr_carea' id='block_1_3' title="bbox 217 4084 1389 4596">
    <p class='ocr_par' dir='ltr' id='par_1_3' title="bbox 217 4084 1386 4244">
     <span class='ocr_line' id='line_1_33' title="bbox 291 4084 1386 4156; baseline -0.003 -14"><span class='ocrx_word' id='word_1_246' title='bbox 291 4084 312 4152; x_wconf 88' lang='lat'>¹)</span> <span class='ocrx_word' id='word_1_247' title='bbox 331 4086 422 4154; x_wconf 80' lang='lat' dir='ltr'>Voss,</span> <span class='ocrx_word' id='word_1_248' title='bbox 445 4085 650 4155; x_wconf 80' lang='lat' dir='ltr'>Antisymbolic</span> <span class='ocrx_word' id='word_1_249' title='bbox 672 4086 712 4152; x_wconf 92' lang='lat' dir='ltr'>II,</span> <span class='ocrx_word' id='word_1_250' title='bbox 743 4105 769 4156; x_wconf 90' lang='lat' dir='ltr'>p.</span> <span class='ocrx_word' id='word_1_251' title='bbox 792 4087 853 4140; x_wconf 78' lang='lat'>452.</span> <span class='ocrx_word' id='word_1_252' title='bbox 906 4086 1130 4151; x_wconf 84' lang='lat' dir='ltr'>Schoemann,</span> <span class='ocrx_word' id='word_1_253' title='bbox 1157 4084 1253 4154; x_wconf 81' lang='lat' dir='ltr'>Antiq.</span> <span class='ocrx_word' id='word_1_254' title='bbox 1279 4084 1325 4140; x_wconf 80' lang='lat' dir='ltr'>Gr.</span> <span class='ocrx_word' id='word_1_255' title='bbox 1351 4086 1386 4152; x_wconf 74' lang='lat' dir='ltr'>ll,</span> 
     </span>
     <span class='ocr_line' id='line_1_34' title="bbox 217 4173 949 4244; baseline 0 -16"><span class='ocrx_word' id='word_1_256' title='bbox 217 4192 245 4244; x_wconf 91' lang='lat' dir='ltr'>p.</span> <span class='ocrx_word' id='word_1_257' title='bbox 264 4175 325 4229; x_wconf 80' lang='lat'>255.</span> <span class='ocrx_word' id='word_1_258' title='bbox 361 4174 553 4244; x_wconf 83' lang='lat' dir='ltr'>Boettiger,</span> <span class='ocrx_word' id='word_1_259' title='bbox 572 4173 781 4244; x_wconf 86' lang='lat' dir='ltr'>Kunstmythol.</span> <span class='ocrx_word' id='word_1_260' title='bbox 800 4174 822 4239; x_wconf 91' lang='lat' dir='ltr'>I,</span> <span class='ocrx_word' id='word_1_261' title='bbox 840 4192 868 4244; x_wconf 85' lang='lat' dir='ltr'>p.</span> <span class='ocrx_word' id='word_1_262' title='bbox 889 4173 949 4228; x_wconf 84' lang='lat'>155.</span> 
     </span>
    </p>

    <p class='ocr_par' dir='ltr' id='par_1_4' title="bbox 217 4259 1389 4418">
     <span class='ocr_line' id='line_1_35' title="bbox 289 4259 1389 4332; baseline -0.001 -15"><span class='ocrx_word' id='word_1_263' title='bbox 289 4259 311 4329; x_wconf 77' lang='lat'>²)</span> <span class='ocrx_word' id='word_1_264' title='bbox 330 4263 411 4317; x_wconf 87' lang='lat' dir='ltr'>Paus.</span> <span class='ocrx_word' id='word_1_265' title='bbox 433 4261 487 4330; x_wconf 90' lang='lat' dir='ltr'>Ill,</span> <span class='ocrx_word' id='word_1_266' title='bbox 515 4264 561 4328; x_wconf 87' lang='grc'>16,</span> <span class='ocrx_word' id='word_1_267' title='bbox 585 4265 609 4318; x_wconf 82' lang='grc'>7.</span> <span class='ocrx_word' id='word_1_268' title='bbox 646 4263 774 4332; x_wconf 87' lang='lat' dir='ltr'>Xenopb.</span> <span class='ocrx_word' id='word_1_269' title='bbox 798 4261 861 4318; x_wconf 83' lang='lat' dir='ltr'>Lac.</span> <span class='ocrx_word' id='word_1_270' title='bbox 884 4262 924 4330; x_wconf 92' lang='lat' dir='ltr'>II,</span> <span class='ocrx_word' id='word_1_271' title='bbox 947 4263 973 4316; x_wconf 87' lang='grc'>9.</span> <span class='ocrx_word' id='word_1_272' title='bbox 1013 4261 1087 4316; x_wconf 88' lang='lat' dir='ltr'>Plnt.</span> <span class='ocrx_word' id='word_1_273' title='bbox 1111 4259 1229 4330; x_wconf 84' lang='lat' dir='ltr'>Lycurg.</span> <span class='ocrx_word' id='word_1_274' title='bbox 1253 4259 1295 4315; x_wconf 88' lang='lat'>18.</span> <span class='ocrx_word' id='word_1_275' title='bbox 1332 4260 1389 4316; x_wconf 80' lang='lat' dir='ltr'>Cic.</span> 
     </span>
     <span class='ocr_line' id='line_1_36' title="bbox 217 4349 473 4418; baseline 0.004 -14"><span class='ocrx_word' id='word_1_276' title='bbox 217 4351 294 4405; x_wconf 84' lang='lat' dir='ltr'>Tuae.</span> <span class='ocrx_word' id='word_1_277' title='bbox 312 4349 348 4418; x_wconf 89' lang='grc' dir='ltr'>ΙΙ,</span> <span class='ocrx_word' id='word_1_278' title='bbox 370 4350 410 4418; x_wconf 86' lang='grc'><strong>14,</strong></span> <span class='ocrx_word' id='word_1_279' title='bbox 429 4350 473 4405; x_wconf 88' lang='grc'><strong>34.</strong></span> 
     </span>
    </p>

    <p class='ocr_par' dir='ltr' id='par_1_5' title="bbox 288 4435 1111 4508">
     <span class='ocr_line' id='line_1_37' title="bbox 288 4435 1111 4508; baseline -0.002 -14"><span class='ocrx_word' id='word_1_280' title='bbox 288 4436 310 4506; x_wconf 78' lang='lat'>⁸)</span> <span class='ocrx_word' id='word_1_281' title='bbox 327 4440 454 4495; x_wconf 85' lang='lat' dir='ltr'>Paroem.</span> <span class='ocrx_word' id='word_1_282' title='bbox 473 4439 519 4493; x_wconf 81' lang='lat' dir='ltr'>Gr.</span> <span class='ocrx_word' id='word_1_283' title='bbox 538 4437 559 4500; x_wconf 88' lang='grc' dir='ltr'>Ι,</span> <span class='ocrx_word' id='word_1_284' title='bbox 578 4457 605 4508; x_wconf 90' lang='lat' dir='ltr'>p.</span> <span class='ocrx_word' id='word_1_285' title='bbox 623 4439 685 4493; x_wconf 80' lang='lat'>402.</span> <span class='ocrx_word' id='word_1_286' title='bbox 722 4438 755 4493; x_wconf 80' lang='lat' dir='ltr'>cf.</span> <span class='ocrx_word' id='word_1_287' title='bbox 775 4437 926 4505; x_wconf 86' lang='lat' dir='ltr'>Suohier,</span> <span class='ocrx_word' id='word_1_288' title='bbox 945 4439 964 4492; x_wconf 92' lang='lat' dir='ltr'>l.</span> <span class='ocrx_word' id='word_1_289' title='bbox 982 4438 1001 4492; x_wconf 92' lang='lat' dir='ltr'>l.</span> <span class='ocrx_word' id='word_1_290' title='bbox 1020 4455 1049 4507; x_wconf 92' lang='lat' dir='ltr'>p.</span> <span class='ocrx_word' id='word_1_291' title='bbox 1066 4435 1111 4492; x_wconf 83' lang='grc'><strong>47.</strong></span> 
     </span>
    </p>

    <p class='ocr_par' dir='ltr' id='par_1_6' title="bbox 288 4523 1300 4596">
     <span class='ocr_line' id='line_1_38' title="bbox 288 4523 1300 4596; baseline 0.001 -14"><span class='ocrx_word' id='word_1_292' title='bbox 288 4524 310 4594; x_wconf 81' lang='lat'>⁴)</span> <span class='ocrx_word' id='word_1_293' title='bbox 330 4527 392 4595; x_wconf 88' lang='lat' dir='ltr'>Vll,</span> <span class='ocrx_word' id='word_1_294' title='bbox 413 4528 454 4582; x_wconf 88' lang='grc'>19.</span> <span class='ocrx_word' id='word_1_295' title='bbox 491 4527 527 4582; x_wconf 90' lang='lat' dir='ltr'>cl&#39;.</span> <span class='ocrx_word' id='word_1_296' title='bbox 545 4526 575 4579; x_wconf 87' lang='grc' dir='ltr'>Ε.</span> <span class='ocrx_word' id='word_1_297' title='bbox 595 4525 947 4596; x_wconf 60' lang='lat' dir='ltr'>Curtiue„Peloponnes.</span> <span class='ocrx_word' id='word_1_298' title='bbox 966 4525 987 4591; x_wconf 89' lang='lat'>1,</span> <span class='ocrx_word' id='word_1_299' title='bbox 1006 4544 1033 4594; x_wconf 89' lang='lat' dir='ltr'>p.</span> <span class='ocrx_word' id='word_1_300' title='bbox 1051 4523 1104 4580; x_wconf 82' lang='grc'>445</span> <span class='ocrx_word' id='word_1_301' title='bbox 1123 4542 1172 4594; x_wconf 76' lang='lat' dir='ltr'>sq,</span> <span class='ocrx_word' id='word_1_302' title='bbox 1190 4542 1219 4594; x_wconf 91' lang='lat' dir='ltr'>p.</span> <span class='ocrx_word' id='word_1_303' title='bbox 1237 4523 1300 4583; x_wconf 69' lang='grc'><strong>455.</strong></span> 
     </span>
    </p>
   </div>
   <div class='ocr_carea' id='block_1_4' title="bbox 0 0 1688 5192">
    <p class='ocr_par' dir='ltr' id='par_1_7' title="bbox 0 0 1688 5192">
     <span class='ocr_line' id='line_1_39' title="bbox 0 0 1688 5192; baseline 0 5"><span class='ocrx_word' id='word_1_304' title='bbox 0 0 1688 5192; x_wconf 95' lang='lat' dir='ltr'> </span> 
     </span>
    </p>
   </div>
  </div>
 </body>
</html>
