3367 5192
776 349 879 412 ,88

272 575 394 620 nomen
430 557 537 639 primo
574 557 676 620 facile
715 557 757 620 ad
795 556 1029 642 explicandam
1066 561 1130 622 est:
1166 550 1442 621 ‘distribuentem

274 662 441 744 significat
463 661 568 744 deam,
593 679 677 743 quae
702 666 759 726 aut
780 661 916 746 prodest
939 666 996 725 ant
1017 666 1117 726 nocet
1138 662 1329 727 hominibus
1348 661 1444 725 modo

273 766 410 832 adversa
436 766 533 830 modo
559 767 705 848 propitia
732 771 766 831 et
792 768 973 830 terminum
993 767 1084 830 vitae
1107 766 1260 831 omnibns
1282 766 1445 850 proponit.

271 871 393 956 Magna
421 875 473 935 est
501 872 564 935 dea
589 876 783 954 potensque,
815 877 1057 952 contraquam
1085 867 1256 935 hbminum
1277 873 1331 933 vis
1352 871 1446 934 nialla

274 981 339 1058 est,
374 977 508 1058 qualem
533 977 723 1057 Aeschylus
757 975 918 1041 describit
951 976 1004 1039 his
1036 994 1118 1042 usus
1151 976 1265 1040 verbis
1295 973 1349 1056 (fr.
1380 977 1446 1038 244

274 1080 456 1162 Waliauer)
479 1075 571 1164 ἡνῶν
592 1101 628 1162 γε
650 1075 759 1163 phuoz
780 1073 920 1162 Νέμεσις
941 1073 1007 1145 ἐσθ’
1030 1073 1198 1162 dumiso,
1222 1083 1281 1163 qui
1299 1081 1390 1144 idem
1404 1080 1446 1144 de

274 1187 440 1252 Adrastea
473 1188 557 1252 haec
591 1187 674 1251 dicit
707 1185 828 1268 (Prom.
856 1206 885 1250 v.
910 1184 990 1268 936)
1024 1183 1354 1263 adcommodasse
1386 1177 1449 1265 τὴν

270 1285 476 1372 Ἀδράστειαν
499 1290 609 1372 σοφοί.
656 1291 818 1356 Similiter
833 1290 999 1374 Theognis
1014 1291 1065 1372 (fr.
1092 1293 1135 1354 14
1155 1288 1253 1372 ng.)
1275 1287 1449 1354 Nemesim

273 1400 407 1464 invocat
437 1392 539 1471 κακὰς
561 1391 588 1459 d
613 1390 677 1460 ἀπὸ
699 1397 801 1480 κῆρας
824 1390 949 1474 ἄλαλκε,
982 1392 1035 1459 001
1062 1388 1121 1475 μὲν
1143 1393 1250 1477 τοῦτο,
1278 1389 1351 1466 θεά,
1380 1407 1448 1476 suc

273 1497 364 1584 κρόν,
388 1497 459 1584 ἐμοὶ
481 1497 516 1566 di
537 1497 626 1585 μέγα.
671 1502 838 1567 Hesiodus
867 1506 980 1566 autam
1002 1500 1135 1584 (Theog.
1157 1521 1189 1564 v.
1212 1498 1302 1582 223),
1328 1496 1449 1564 Neme-

274 1608 338 1670 sim
360 1610 449 1673 inter
470 1606 585 1675 Noctis
608 1608 695 1673 filias
717 1611 881 1690 numerat,
910 1621 1009 1688 quam
1030 1604 1160 1670 Dianae
1182 1606 1449 1688 antiquissimam

268 1714 423 1796 speeiem
444 1713 549 1778 fuisse
571 1714 732 1778 vidimus:
757 1731 823 1796 qua
845 1712 886 1777 de
909 1730 947 1776 re
961 1711 1145 1778 Pausanias
1166 1709 1348 1794 (v11,5,3)
1372 1730 1451 1775 cum

274 1818 333 1882 1110
364 1821 538 1901 consentit,
570 1822 628 1901 qui
658 1820 794 1902 quidem
820 1817 953 1883 laudato
981 1819 1055 1882 1000
1086 1819 1168 1882 duas
1192 1815 1450 1898 Smyrnaeorum

274 1922 436 1990 Nemeses
472 1931 714 1991 commemorat
766 1923 898 1990 Ibidem
926 1923 966 1986 ab
996 1922 1262 1988 Atheniensibus
1294 1919 1449 1987 Nemesis

274 2033 404 2113 patrem
432 2028 597 2095 Oceanum
625 2033 832 2096 nominatum
862 2049 937 2095 esse
963 2028 1074 2111 tradit,
1102 2029 1138 2093 id
1168 2028 1255 2110 quod
1281 2026 1450 2093 offendere

274 2154 341 2199 non
362 2141 481 2220 potest,
509 2156 585 2202 cum
613 2136 765 2203 eundem
778 2135 990 2216 Eurynomes
1016 2139 1191 2219 parentem
1213 2129 1449 2214 nominatum1)

275 2244 428 2307 sciamus.
472 2241 568 2308 Illius
595 2263 675 2308 vero
704 2242 860 2326 Iovisque
893 2241 964 2306 tilia
993 2240 1127 2305 Helena
1155 2241 1246 2304 dicta
1274 2244 1334 2323 est,
1362 2257 1449 2321 quae

274 2350 349 2433 ipsa
363 2348 490 2414 Dianas
505 2352 653 2432 speciem
668 2342 890 2429 exhibebat2).
928 2345 966 2412 Si
980 2365 1061 2412 vero
1076 2345 1195 2411 Snidas
1209 2346 1450 2411 Rhamnusiam

276 2453 313 2535 (s.
347 2455 379 2518 h.
408 2453 451 2536 v.)
488 2449 733 2534 βασιλεύσασαν-
755 2448 791 2516 a
823 2452 872 2538 τῷ
904 2448 994 2538 τόπῳ
1029 2453 1120 2536 dicit,
1154 2453 1316 2536 deceptis
1348 2451 1450 2515 facile

275 2560 407 2624 videtur
437 2561 497 2625 illo
524 2560 683 2626 attributo
705 2558 858 2640 βασίλεια,
892 2559 980 2641 quod
1001 2557 1131 2623 Dianae
1151 2559 1323 2642 proprium
1344 2557 1450 2620 101000

275 2669 471 2731 notavimus.
515 2664 645 2731 Deinde
675 2667 731 2730 vel
757 2663 860 2748 Upim
886 2663 1126 2729 Rhamnusiam
1155 2657 1450 2747 cognominatam)

276 2773 474 2854 invenimus,
499 2790 575 2836 oum
590 2772 672 2837 alibi
686 2769 772 2855 Upis
787 2769 918 2835 Dianae
940 2771 1047 2854 ipsius
1068 2787 1191 2834 nomen
1213 2769 1266 2832 sit.
1295 2766 1450 2849 Denique

276 2896 398 2961 magna
421 2881 455 2941 et
475 2877 648 2959 praeclara
671 2877 753 2942 deae
767 2875 995 2940 Rhamnusias
1018 2879 1128 2940 statua
1141 2871 1295 2938 diadema
1309 2872 1449 2956 gerebat

197 3041 198 3046 ,
274 2984 434 3048 Victoriis
468 2987 630 3062 ornatum,
665 2982 785 3065 quibus
816 2983 984 3064 utrimque
1015 2981 1107 3045 cervi
1136 2980 1282 3063 appositi
1311 2974 1451 3060 erant⁴):

277 3107 394 3152 cervos
427 3091 540 3151 autem
570 3085 698 3152 Dianae
733 3105 844 3151 sacros
878 3086 983 3152 fuisse
1018 3104 1118 3169 supra
1151 3085 1357 3168 explicatum
1392 3088 1452 3148 est

275 3191 393 3273 Itaque
420 3211 496 3256 mea
522 3192 658 3274 quidem
690 3194 857 3258 sententia
879 3192 1025 3258 dubitari
1046 3209 1113 3256 non
1134 3195 1253 3274 potest,
1282 3191 1366 3272 quin
1391 3188 1453 3252 illa

276 3296 482 3362 Rhamnusia
504 3297 577 3381 dea,
601 3299 694 3363 cuius
717 3298 882 3382 templum
904 3315 924 3360 a
944 3294 1116 3359 Braurone
1137 3296 1276 3378 paulum
1298 3294 1452 3374 distabat,

278 3402 395 3467 eadem
418 3420 503 3485 quae
524 3402 633 3468 Diana
654 3389 888 3486 'antiquissima
909 3401 1021 3483 fuerit,
1048 3403 1070 3464 1.
1094 3419 1123 3464 0.
1145 3400 1308 3465 natinalis
1332 3399 1396 3463 dea
1417 3402 1452 3462 et

277 3508 377 3572 simul
399 3510 514 3572 mortis
538 3509 679 3574 domina.
726 3507 791 3572 Sed
812 3508 947 3571 nomine
962 3504 1117 3571 Nemesis
1133 3507 1212 3570 huic
1225 3506 1451 3571 Rhamnusiae

279 3613 363 3678 deae
393 3615 529 3679 moralis
542 3661 544 3664 -
558 3614 720 3696 quaedam
753 3613 807 3676 vis
841 3611 982 3696 additur,
1019 3630 1103 3693 quae
1133 3613 1235 3675 etiam
1260 3612 1297 3674 in
1323 3609 1451 3675 Dianae

278 3720 457 3803 principali
485 3724 604 3784 natura
632 3713 761 3799 inest⁵).
806 3715 979 3794 Quodcum
1000 3715 1153 3781 Nemesis
1181 3719 1282 3781 etiam
1303 3717 1452 3781 manium

353 3945 605 4008 ι1Ηοιιι..-Σ390

351 4030 925 4100 ²)Pw1337021111111v232
985 4059 987 4062 ·

350 4119 374 4239 p
391 4122 506 4179 maior.
525 4121 585 4178 Pal
604 4138 670 4192 epp.
688 4123 730 4178 so
766 4119 1017 4178 01000001.
1234 4076 1236 4080 ’

350 4208 679 4364 ’0011111033οἓωο1010
697 4297 877 4352 Rhamnunte
899 4297 1031 4352 inventae
1049 4297 1126 4360 sunt,
1150 4294 1183 4350 in
1200 4293 1302 4361 quibus
1318 4292 1454 4360 inscripta

277 4385 417 4456 leguntur,
437 4379 555 4450 Νεμέσει
567 4388 596 4441 et
610 4380 721 4450 01μο
715 4377 1454 4488 ·011111000,Διὼ101.Ζο113,1850,ρ.170000

277 4474 313 4530 of.
332 4473 491 4542 proximum
510 4477 603 4545 caput
867 4507 872 4516 .
912 4509 929 4522 ..
1425 4511 1430 4520 ,
1493 4501 1498 4508 .
