3367 5192
863 366 903 429 16

295 575 468 639 simillima
502 582 602 643 essct.
658 577 810 642 Nominis
850 581 1159 663 interpretationem
1197 580 1257 641 vix
1294 580 1468 660 quisquam

293 681 408 746 iacere
433 681 614 766 conabitur,
645 703 720 748 cum
749 684 944 752 Thracicum
973 688 1132 772 lingnam,
1159 687 1247 749 unde
1270 687 1354 749 illud
1378 691 1469 751 certe

293 789 511 854 derivandum
534 793 593 872 est,
617 793 815 856 nesciamus.

381 896 535 960 Alterum
572 916 692 962 nornen
729 889 865 972 Ἀνᾶῑτις
903 904 968 981 est,
1009 919 1073 981 quc
1112 898 1208 981 Lydi,
1247 898 1469 982 Cappadoces,

293 1003 462 1085 Armenii,
501 1002 626 1067 Persae
658 1002 786 1069 Dianae
822 1007 968 1070 similem
1003 1006 1100 1070 deam
1134 1004 1348 1090 appellabant
1358 1002 1395 1086 1);
1433 1001 1470 1068 id

294 1109 428 1192 quidem
449 1107 643 1174 Semiticum
671 1129 738 1174 non
764 1111 918 1195 habeam,
949 1113 1037 1195 quod
1057 1112 1237 1178 Sticlrelins
1267 1113 1320 1194 (de
1341 1111 1469 1176 Dianae

292 1217 448 1282 Persicae
473 1221 686 1282 monumento
709 1217 996 1302 Graechwyliauo,
1026 1219 1098 1284 Jen.
1126 1220 1222 1300 1856)
1245 1220 1337 1302 iecit,
1368 1221 1470 1282 immo

292 1321 660 1406 Windischmannum¹t
699 1345 832 1409 sequar,
872 1328 942 1409 qui,
983 1345 1058 1391 cnm
1094 1328 1130 1391 in
1160 1325 1365 1390 Zendaresta
1401 1327 1469 1388 iam

294 1431 469 1494 Anahita
491 1433 688 1516 nominetur,
717 1433 853 1496 Aricam
875 1436 1019 1498 nominis
1043 1435 1207 1517 originem
1230 1435 1355 1516 statuit,
1384 1453 1470 1515 qnae
1588 1441 1593 1446 “

295 1538 462 1602 sententia
486 1539 587 1602 etiam
612 1557 651 1603 eo
674 1539 841 1622 probatur,
866 1540 953 1621 quod
976 1541 1177 1603 Armenicae
1200 1541 1434 1623 inscriptiones
1443 1536 1470 1619 ³)

293 1644 477 1726 permultae
501 1646 671 1709 Anaidis
695 1645 768 1728 (sic)
797 1666 919 1711 nomen
951 1647 1122 1711 exhibent.
1171 1645 1359 1729 Significari
1389 1666 1470 1712 vero

295 1753 358 1814 hac
392 1769 473 1815 voce
501 1750 624 1816 dicitnr
645 1742 750 1836 ‘pure,
785 1772 852 1817 non
883 1746 1066 1833 maculata',
1103 1753 1189 1835 quod
1224 1753 1395 1836 epitheton
1428 1753 1469 1816 ad

295 1859 506 1921 sanctitatem
543 1857 626 1922 deae
665 1861 756 1922 omni
793 1861 937 1924 humana
972 1861 1104 1924 macula
1138 1861 1281 1923 carentis
1318 1863 1469 1942 spectare

296 1963 434 2028 videtur.
481 1965 650 2028 Anartidis
679 1965 796 2046 cultus,
830 1984 906 2029 cum
934 1967 1013 2030 inde
1043 1966 1083 2030 ab
1115 1967 1356 2047 antiquissimis
1386 1969 1470 2028 tcm-

294 2071 431 2154 poribus
466 2090 526 2154 per
558 2075 662 2134 totam
696 2070 768 2134 fere
797 2073 916 2136 Asiam
950 2074 1104 2157 vulgatus
1136 2077 1234 2155 esset,
1270 2071 1469 2137 Semitarum

294 2178 458 2260 religione
481 2179 640 2260 paulatim
664 2180 711 2241 ita
734 2180 927 2260 inquinatus
952 2185 1011 2257 est,
1035 2185 1072 2243 ut
1095 2182 1251 2244 Astartae
1266 2179 1469 2243 Phoeniciae

296 2284 401 2347 cultui
428 2283 499 2347 iero
530 2303 590 2366 par
618 2282 757 2364 fieretti.
802 2285 925 2349 Postea
951 2288 980 2350 is
1010 2286 1118 2350 cultus
1142 2288 1242 2350 etiam
1267 2285 1469 2350 Graecorum

296 2395 329 2454 et
340 2390 512 2476 Phrygum
529 2411 623 2455 sacra
639 2393 851 2456 caerimoniis
867 2393 1029 2456 Asiaticis
1044 2393 1172 2474 infecit,
1189 2393 1309 2475 quibus
1325 2395 1471 2456 maxime

295 2497 426 2562 Dianae
449 2497 618 2581 Ephesiae
642 2500 768 2562 cultum
792 2504 955 2563 mutatum
979 2518 1052 2563 esse
1077 2500 1381 2563 animadvertimus.

387 2605 432 2669 Ut
453 2604 653 2671 Graecorum
678 2608 846 2688 antiquam
871 2607 1030 2692 explanet
1048 2606 1256 2689 religionem,
1279 2605 1315 2670 Ε.
1337 2607 1472 2671 Curtius

297 2712 371 2793 (An.
400 2710 531 2776 Boruss.
563 2718 640 2777 tom.
665 2715 717 2795 36,
749 2735 778 2796 p.
810 2714 841 2794 ir)
870 2714 1085 2794 Assyriorum
1115 2712 1194 2777 deas
1223 2714 1471 2795 antiquissimas

298 2824 546 2900 commemorat,
575 2818 666 2882 Belit
692 2822 747 2883 vel
775 2820 952 2902 Mylittam,
981 2838 1065 2902 quae
1097 2839 1116 2882 a
1143 2817 1348 2902 Babyloniis,
1376 2818 1471 2902 Istar,

297 2942 382 3006 quae
412 2925 452 2987 ab
480 2925 640 3005 Assyriis,
670 2923 812 3005 Nanam,
845 2945 929 3006 qnae
958 2927 993 2989 in
1021 2927 1207 3008 Elymaide,
1233 2927 1355 3007 Anuat,
1387 2946 1471 3008 quae

297 3031 331 3093 in
356 3031 539 3094 meridiana
563 3029 749 3094 Chaldaeae
777 3037 872 3115 parte
901 3032 1080 3097 colebatur.
1127 3033 1192 3097 Sed
1224 3035 1265 3097 ab
1289 3036 1342 3097 his
1364 3035 1472 3096 nurni-

296 3136 395 3200 nibus
412 3136 452 3198 ad
469 3135 702 3218 explicandam
719 3135 921 3203 Graecorum
937 3139 1135 3222 religionem
1151 3141 1261 3204 minus
1277 3143 1471 3223 argumenta

297 3243 496 3307 arcessenda
513 3261 586 3306 esse
603 3243 696 3324 duco,
720 3263 831 3327 neque
846 3247 1086 3310 mutuationem
1110 3247 1247 3310 deorum
1271 3248 1372 3309 statui
1389 3265 1471 3337 opus

298 3356 357 3431 est,
382 3368 457 3412 oum
481 3350 581 3413 ctiam
605 3351 640 3412 in
657 3351 795 3414 orientis
811 3353 1003 3435 regionibus
1019 3353 1191 3417 hominurn
1207 3352 1248 3414 de
1265 3351 1329 3415 diis
1346 3353 1471 3436 opinio-

297 3475 357 3521 nes
386 3475 446 3539 per
477 3456 576 3540 longa
603 3461 789 3541 temporum
824 3461 931 3541 spatia
966 3464 1186 3522 commutatae
1224 3459 1470 3540 castigataeque

209 3608 212 3614 ,
299 3564 379 3642 sint,
418 3567 456 3626 nt
496 3565 596 3626 sicuti
636 3565 723 3646 apud
757 3563 901 3628 Graecos
941 3585 984 3628 ex
1019 3566 1083 3629 diis
1117 3563 1325 3628 naturalibus
1360 3565 1472 3628 ethica

297 3671 434 3734 numina
458 3672 635 3733 evaserint.

385 3775 479 3841 Idem
502 3777 537 3840 in
560 3776 688 3842 Rheam
713 3775 873 3856 Cybelam
896 3778 999 3860 cadit,
1028 3778 1069 3841 de
1094 3779 1189 3842 cuius
1212 3779 1346 3843 nomine
1371 3798 1472 3861 quae-

298 3881 374 3950 dam
397 3884 449 3946 his
473 3884 679 3967 subiungam,
706 3901 781 3946 cnm
804 3885 966 3947 nonnulla
989 3902 1033 3947 cx
1048 3889 1141 3968 parte
1157 3884 1284 3949 Dianae
1301 3886 1473 3948 simillima

372 4078 392 4148 1)
411 4079 475 4134 Tac.
494 4080 547 4133 Ari.
565 4079 602 4142 ll,
621 4075 663 4143 62,
683 4077 717 4132 ci.
735 4077 868 4132 Movere
886 4078 913 4133 d.
931 4077 1036 4133 Phoen.
1055 4079 1076 4145 1,
1094 4098 1122 4149 p.
1142 4078 1202 4135 626.

372 4166 393 4235 ²)
413 4168 465 4222 Die
490 4167 628 4238 persische
652 4165 777 4222 Anchita
799 4166 866 4222 oder
883 4165 1005 4232 Auchis,
1031 4167 1170 4223 Abhandl.
1194 4168 1244 4222 der
1266 4165 1473 4236 philea-philo·

298 4256 446 4411 liiii
466 4254 917 4411 insultaturus.
928 4251 1474 4414 hithallachthi:

298 4432 397 4500 scholi,
415 4433 515 4502 XXVI,
534 4451 562 4503 p.
581 4433 632 4488 633
651 4450 692 4501 sq.

371 4519 394 4589 ⁴)
414 4521 448 4577 ci.
467 4521 568 4577 Herod.
587 4523 608 4588 I,
628 4523 688 4577 131.
726 4520 1025 4587 Windiachmann‚
1044 4522 1063 4576 l.
1082 4522 1101 4578 l.
1119 4539 1148 4591 p.
1168 4518 1219 4574 102
1236 4537 1276 4587 sq.
