3367 5192
816 355 859 420 69

246 569 307 649 qui
330 565 483 635 Genios
505 569 652 633 rherum
674 563 892 647 Iunones¹)
918 566 1119 641 feminarum
1143 567 1281 630 numina
1308 566 1420 650 appel·

250 672 371 742 labant.
419 669 591 748 Quodnam
617 673 682 738 duo
710 673 747 741 hi
772 671 1042 756 Indogermaniei
1066 673 1195 756 populi,
1223 673 1311 736 inter
1338 690 1420 756 qum

250 777 371 847 Graeei
394 778 602 859 habitabant,
625 779 710 850 tales
732 775 921 862 poeuliares
945 778 1025 844 deos
1047 782 1294 860 venerarentur,
1318 779 1420 848 etiam

247 881 395 948 Graecos
422 884 483 952 tali
513 885 676 967 religione
705 903 783 952 usos
813 903 887 953 esse
915 888 1053 977 apparet
1077 903 1187 966 neque
1215 883 1419 966 mirabimur,

246 989 337 1070 quoe
353 988 565 1071 Ilithyiarum
580 995 615 1056 et
628 990 809 1061 Dianamn
828 992 885 1060 vel
899 991 1062 1076 pluralem
1076 1009 1252 1058 numerum
1266 990 1419 1073 legimus,

246 1092 425 1166 dummodo
452 1116 495 1162 ne
523 1101 678 1181 putemus
705 1098 787 1172 duas
809 1098 957 1168 veltres
978 1099 1101 1182 plurali
1123 1098 1202 1166 deas
1224 1096 1418 1180 significari,

249 1220 327 1270 eum
350 1203 450 1286 plane
472 1204 665 1272 indefinitus
687 1223 846 1271 numanis
869 1207 1041 1288 cogitetur.

336 1343 408 1409 Dea
439 1348 593 1428 partuum
623 1364 758 1433 praeses
792 1348 893 1410 etiam
922 1340 1190 1427 uenetyllisil
1221 1345 1418 1426 nominatur,

247 1451 347 1514 euius
370 1451 451 1516 item
473 1451 612 1535 pluralis
633 1469 791 1516 numerus
814 1471 915 1535 saepe
938 1447 1071 1535 extatij.
1105 1450 1197 1526 Quae
1221 1468 1420 1532 quamquam

249 1557 345 1619 iuxta
367 1556 535 1621 Venerem
559 1559 668 1622 eultae
692 1559 778 1631 sunt,
800 1561 914 1622 tamen
936 1556 1062 1622 Dianae
1084 1558 1141 1622 vel
1154 1557 1304 1622 Hecatae
1328 1557 1419 1620 simi-

249 1659 350 1726 liores
374 1679 431 1726 eas
454 1663 558 1727 fuisse
580 1663 751 1728 Prellerus
774 1667 866 1728 reete
888 1659 1043 1748 mouet‘).

336 1796 398 1870 His
429 1805 633 1892 argumentis
662 1803 819 1892 probasse
849 1804 933 1868 mihi
959 1803 1075 1868 videor
1096 1803 1269 1886 Ilithyiam
1290 1789 1426 1867 Dianae'

247 1905 396 1992 speeiem
420 1927 493 1980 esse
516 1911 553 1978 in
571 1910 751 1993 peculiaris
766 1911 914 1974 numinis
928 1929 1104 1998 personam
1118 1909 1296 1995 redactam,
1320 1927 1420 1992 quam

247 2014 464 2098 mythologos,
497 2015 618 2100 quibus
642 2015 758 2082 Oieero
787 2015 830 2098 (d.
854 2019 921 2080 nat.
944 2015 974 2083 d.
996 2013 1059 2103 111,
1081 2017 1134 2100 23,
1159 2014 1213 2096 58)
1244 2033 1325 2081 usus
1358 2018 1419 2098 est,

247 2121 356 2183 seeuti
385 2121 553 2208 primam
582 2120 723 2186 Dianam
753 2123 924 2188 nominare
953 2139 1128 2206 possumus
1157 2119 1260 2202 (Iovis
1284 2124 1318 2186 et
1339 2119 1419 2184 Pre-

248 2226 403 2307 serpinae
427 2224 554 2309 filiam),
570 2216 671 2308 ‘quae
686 2231 869 2309 pennatum
886 2225 1084 2309 Cupidinem
1098 2228 1256 2309 genuisse
1278 2218 1418 2291 dieitur’.

249 2329 375 2415 Cupido
421 2332 510 2394 enim
547 2333 585 2394 in
622 2330 737 2395 Olenia
781 2331 984 2395 carminibus
1020 2329 1180 2412 Ilithyiae
1217 2331 1307 2396 filius
1345 2350 1419 2414 per·

247 2429 465 2512 hibebaturl).

335 2575 447 2644 Huius
469 2576 606 2660 Dianae,
630 2596 715 2664 quae
734 2579 846 2664 partui
864 2580 1027 2664 praeerat,
1052 2594 1234 2663 cognomen
1256 2575 1421 2662 Iphige-

247 2683 355 2750 niam
387 2682 493 2750 fuisse
524 2686 664 2766 constat,
700 2683 788 2768 quod
823 2685 933 2766 ipsum
965 2701 1087 2752 nomen
1120 2674 1312 2764 upa-,aaa
1346 2701 1420 2750 eam

248 2788 424 2874 signifieat,
447 2808 533 2876 quae
555 2791 591 2856 vi
613 2789 830 2874 inparieudo
855 2790 998 2874 insignis
1014 2794 1074 2857 est.
1103 2787 1270 2858 Homerus
1285 2787 1420 2873 quiden

248 2894 334 2962 hane
356 2895 617 2982 Agamemnonis
644 2894 758 2978 filiam,
790 2914 877 2980 quae
909 2896 1010 2980 vulgo
1038 2894 1285 2979 perhibebatur,
1308 2893 1421 2978 Iphias

247 3018 379 3068 nassum
407 3006 577 3088 nuncupat
604 3003 626 3066 i.
657 3021 685 3067 e.
707 2992 757 3069 ‘vi
779 2992 993 3086 regnantem,
1021 3019 1085 3085 quo
1111 3001 1247 3066 nomine
1279 2999 1420 3071 eandem

249 3106 416 3186 quondam
438 3107 535 3170 deam
557 3107 777 3191 significatam
801 3127 875 3172 esse
900 3111 1045 3192 apparet
1073 3107 1196 3172 Postea
1217 3107 1420 3190 insererem

248 3208 442 3296 Iphigeniae
474 3217 601 3278 mutata
633 3218 692 3297 est,
726 3213 812 3298 quod
844 3215 950 3297 primo
982 3214 1019 3277 in
1052 3213 1183 3296 Cypriis
1216 3212 1418 3279 carminibus

246 3315 370 3381 factum
396 3337 469 3383 esse
496 3315 676 3400 traditur⁶).
720 3319 771 3384 De
794 3317 972 3403 Iphigenia
994 3337 1074 3383 vero
1102 3319 1236 3383 fabulae
1264 3319 1418 3402 primitus

321 3612 342 3683 ¹)
360 3615 395 3671 ei.
422 3615 496 3672 mla
521 3613 587 3672 aar.
614 3613 686 3672 nat,
712 3615 752 3684 II,
780 3618 806 3671 t.
841 3616 972 3673 (letarum
998 3615 1069 3675 que
1095 3618 1285 3679 Remanerum
1312 3622 1419 3680 Dianae

247 3700 415 3759 Graeeorum
431 3703 640 3772 antiquissimae
663 3703 732 3762 deae
750 3704 809 3762 iera
826 3721 879 3782 par
898 3710 949 3774 est,
973 3723 1036 3765 eum
1054 3711 1083 3765 et
1097 3708 1219 3766 Lamnae
1236 3709 1287 3766 rub
1304 3709 1418 3767 nomine

247 3792 344 3859 partus
360 3793 438 3848 ouret
460 3793 490 3848 et
507 3791 619 3848 tutata
636 3791 767 3848 boillum
785 3794 922 3867 praebeat
939 3797 1082 3868 namnam,
1105 3797 1218 3870 qualern
1234 3797 1341 3857 Dmnae
1359 3811 1417 3856 erae

120 3937 122 3944 ,
244 3875 505 3938 balaamitam

320 3964 502 4040 ¹)Ariateph.
519 3969 594 4027 Nub.
612 3991 638 4030 v.
657 3974 700 4031 52.
736 3975 800 4047 Itys
817 3996 844 4034 v.
862 3979 888 4034 2.

318 4053 342 4124 θ)
359 4055 501 4129 Aristoph.
519 4059 628 4118 Theem.
644 4081 672 4120 r.
692 4063 752 4120 130.
787 4065 863 4124 Suis„
879 4085 901 4125 a
918 4084 945 4126 r.
996 4097 1000 4104 -

319 4137 343 4216 ⁴)
362 4143 452 4215 Myon.
471 4145 517 4207 or.
539 4147 562 4218 1,
584 4165 611 4223 a.
629 4150 692 4224 aaa,
714 4154 772 4214 aot
796 4155 826 4214 e:
851 4149 925 4216 ‘eina
941 4158 1099 4232 amous
1121 4161 1171 4218 aa
1192 4158 1327 4218 arama
1350 4162 1417 4218 aaa

246 4233 494 4298 Hekatedieuetea'

319 4323 341 4394 ⁵)
360 4327 521 4399 P.1X,27‚
545 4331 574 4388 2:
599 4334 780 4407 Iturium
802 4339 918 4406 rami,
941 4335 991 4396 ubl
1013 4338 1121 4413 captio
1145 4341 1247 4398 exime
1265 4339 1415 4408 relabatur,

245 4412 351 4481 lunula.
364 4415 830 4490 mammaemammal.
856 4425 1135 4500 emanantem,
1148 4428 1416 4498 rasamenta.

318 4499 340 4572 ο)
360 4505 395 4560 aa
413 4505 555 4580 aaran,
573 4511 661 4580 paor.
678 4513 710 4570 m
727 4515 820 4586 narn.
839 4516 901 4587 ιρι
919 4517 1001 4574 rear.
1018 4527 1047 4589 p.
1064 4507 1108 4575 aa
