3367 5192
792 373 834 434 55

317 577 391 644 Non
414 580 522 645 solum
544 581 696 662 singulae
719 580 854 646 arbores
878 581 937 646 sed
962 582 1063 646 etiam
1079 582 1185 644 silvae
1199 582 1256 645 vel
1269 586 1398 645 montes

228 685 355 750 Dianae
384 687 480 766 quasi
509 685 678 750 domicilia
707 686 912 768 dicebantur,
943 705 1025 768 quos
1049 704 1242 750 enumerare
1265 687 1400 770 longum

230 797 288 857 est.
332 791 451 873 Itaque
482 786 634 873 ὀρεστὲρα
662 794 698 854 in
728 793 922 858 universum
951 793 1243 876 cognominabatur
1252 789 1290 876 ¹),
1320 811 1400 873 qua·

230 917 305 963 oum
327 897 476 963 Romana
492 889 727 966 {Nemorensis
752 899 908 962 concinit.
953 897 995 962 In
1024 917 1138 962 eorum
1167 897 1302 979 quidem
1322 898 1401 961 reli·

229 1005 328 1088 gione
343 1001 471 1066 Dianae
495 1002 578 1066 haee
601 1003 763 1068 naturalis
778 1005 839 1085 vis,
864 1022 950 1085 quae
966 1002 1007 1067 ad
1022 1003 1231 1068 fertilitatem
1247 1021 1398 1086 agrorum

231 1113 265 1174 et
287 1109 447 1172 silvarum
467 1107 650 1170 utilitatem
664 1110 819 1191 pertinet,
843 1127 975 1192 semper
989 1109 1250 1192 praedicabatur.
1297 1109 1399 1174 Cuius

228 1215 278 1278 rei
311 1214 460 1292 Catullus
493 1214 530 1275 in
557 1214 680 1293 hymno
706 1213 833 1279 Dianae
866 1215 1089 1298 pulcherrimo
1118 1217 1215 1279 testis
1247 1219 1306 1297 est,
1341 1215 1399 1278 ubi
1457 1278 1460 1284 .

230 1319 314 1383 haec
337 1319 493 1402 leguntur
516 1316 580 1399 (34,
603 1337 635 1383 r.
659 1320 679 1382 9
704 1319 799 1401 sqq.):

547 1420 710 1488 Montium
733 1424 867 1490 domina
888 1431 927 1489 ut
948 1425 1037 1490 fores

550 1528 782 1612 Silvarumque
804 1532 985 1595 virentium

550 1634 766 1717 Saltuumque
789 1637 1036 1702 reconditorum

592 1741 818 1823 Amniumque
843 1744 1063 1806 sonantium.
1087 1793 1093 1806 .
1117 1789 1125 1806 .

232 1850 266 1909 et
286 1846 386 1927 paulo
409 1845 496 1908 infra
519 1846 560 1928 (v.
585 1849 625 1908 17
651 1846 747 1928 aqq.):

550 1950 600 2016 Tu
623 1971 730 2035 eursu,
754 1954 825 2036 dea,
849 1958 1018 2018 menstruo

548 2055 692 2121 Matiene
715 2060 780 2122 iter
802 2078 947 2123 annnom

550 2161 688 2226 Rustica
711 2165 876 2246 agricolae
899 2164 995 2229 bonis

595 2266 696 2332 Tecta
719 2269 871 2353 frugibus
895 2269 1020 2352 exples.

319 2369 436 2453 Neque
472 2373 582 2436 minus
621 2375 707 2438 hana
744 2375 931 2438 naturalem
964 2373 1091 2436 Dianae
1128 2375 1198 2437 vim
1231 2372 1402 2456 praedicat

233 2475 392 2541 Horatius
417 2476 521 2541 Germ.
543 2476 571 2560 I,
594 2479 652 2558 213
675 2477 736 2561 111,
760 2479 816 2542 22:

442 2580 606 2648 Montium
629 2588 737 2648 eustos
761 2570 1008 2666 nemorumque,
1031 2585 1134 2667 Virgo
1157 2632 1165 2647 .
1189 2632 1196 2647 .
1221 2634 1227 2648 .
1290 2658 1293 2664 ,

319 2708 349 2752 v.
372 2690 407 2750 5:
436 2686 618 2753 Imminens
640 2691 743 2754 villae
764 2694 823 2753 tua
844 2691 943 2773 pinus
967 2693 1048 2771 esto,

443 2791 550 2870 Quam
571 2813 633 2878 per
656 2799 792 2860 exactos
816 2813 877 2879 ego
900 2797 1009 2860 laetus
1032 2814 1135 2866 annos

443 2901 558 2964 Verris
581 2900 752 2983 obliquum
775 2902 966 2966 meditantis
990 2901 1094 2964 iatum

490 3004 658 3088 Sanguine
682 3007 811 3070 donem

233 3108 355 3174 deinde
378 3109 435 3193 IV,
452 3113 483 3193 6,
500 3112 542 3174 39
561 3100 768 3194 ‘prosperam
782 3103 923 3194 frugum’
941 3111 1100 3195 appellat:
1125 3109 1166 3173 ef.
1190 3110 1295 3174 Germ.
1312 3110 1404 3176 Saea.

226 3214 267 3278 'vl
285 3217 425 3282 29—32.

322 3319 528 3403 Quamquam
554 3322 708 3405 plurimis
738 3321 845 3385 Asiae
878 3324 912 3384 et
942 3319 1104 3386 Graeciae
1132 3322 1215 3387 loeis
1243 3324 1404 3389 naturalis

233 3428 296 3493 dea
319 3426 498 3510 colebatur,
522 3426 721 3508 quibusdam
741 3427 778 3488 in
791 3425 931 3490 urbibus
946 3429 1039 3491 tanta
1054 3427 1227 3492 fruebatur
1243 3429 1403 3513 claritate,

234 3537 272 3597 ut
288 3533 492 3617 singulorum
507 3533 738 3616 oppidulorum
754 3532 864 3596 oultus
879 3532 978 3615 plane
994 3532 1257 3599 obscurarentur.
1289 3535 1403 3619 Longe

233 3657 312 3704 vero
345 3638 582 3703 celeberrimus
613 3640 760 3702 omnium
789 3642 861 3702 erat
887 3636 1015 3702 Dianae
1044 3640 1153 3705 cultus
1180 3640 1404 3724 Ephesiae,

233 3744 275 3807 de
310 3745 404 3808 ouius
434 3745 578 3828 origine,
614 3763 690 3809 oum
723 3742 871 3808 nondum
904 3743 984 3805 eatis
1018 3745 1185 3828 explicata
1211 3742 1405 3828 rideatur'),

154 3917 157 3921 ,
232 3849 392 3915 nonnulla
414 3851 584 3915 addantur.
1052 3918 1055 3924 ,

321 3956 492 4040 Ephesum
525 3957 790 4038 antiquissimam
822 3958 941 4023 urbem
971 3976 1081 4040 neque
1104 3956 1146 4021 ab
1179 3956 1327 4039 Ionibus,
1361 3975 1405 4020 ne

237 4062 346 4126 dicam
370 4061 411 4126 ab
434 4062 577 4146 Epheso,
605 4062 707 4128 heroe
736 4082 908 4147 eponymo,
939 4063 1106 4127 conditam
1128 4081 1203 4127 esse
1226 4063 1307 4126 satis
1330 4080 1406 4126 eon·

308 4233 329 4303 ¹)
349 4235 412 4294 Eur.
431 4236 531 4293 Troad.
548 4254 574 4293 v.
591 4236 651 4293 551.
672 4237 801 4293 Eiusdem
819 4237 942 4294 notionis
959 4241 1035 4292 sunt:
1054 4228 1138 4306 ὀρεία,
1156 4231 1258 4305 aar«,
1276 4229 1407 4304 ὀρεπιᾶς,

234 4318 375 4393 teostitae,
394 4319 589 4395 οὖρεσίφοιτος,
610 4318 714 4393 dodras,
734 4341 805 4394 quae
823 4325 892 4380 item
906 4324 1013 4380 Dianae
1030 4325 1212 4394 imponuntur
1230 4323 1406 4394 aognomina

309 4409 330 4478 ²)
350 4413 384 4467 of.
403 4412 557 4479 Cranaen,
575 4411 699 4482 Symboh
717 4411 752 4481 II,
771 4431 799 4483 p.
819 4413 878 4468 185.
915 4411 1016 4480 Guhl,
1035 4412 1202 4482 Epheaiaoa,
1220 4411 1311 4468 Berol
1331 4409 1409 4467 1843.

236 4499 267 4554 E.
286 4498 435 4567 Curtius,
454 4500 586 4571 Ephesus.
1273 4543 1276 4546 »
