3367 5192
793 381 860 445 105

235 587 379 672 plurima
394 589 663 673 comprobabunt,
685 591 846 656 nonnulla
865 592 1006 656 fortasse
1023 593 1198 676 corrigent,
1221 596 1311 658 certe
1327 594 1410 660 huic

237 697 359 762 rationi
382 698 416 760 et
438 696 513 760 viae
535 694 663 760 fructus
687 715 754 761 non
777 695 927 762 deerunt

325 801 483 886 Exempli
514 804 621 886 gratia
652 822 697 868 ex
724 805 972 887 comparatione
999 804 1198 887 religionum
1221 803 1411 887 opinionem

238 908 402 973 deducere
428 925 614 991 possumus,
649 927 767 974 canem
796 909 838 974 ad
860 908 1003 974 Dianam
1026 915 1061 974 et
1081 908 1233 974 Hecaten
1260 907 1409 975 additum

235 1015 346 1077 minus
367 1014 573 1078 venaticam
594 1013 745 1078 indicare
763 1014 860 1078 deam
876 1032 975 1096 quarn
988 1014 1187 1079 infernalem
1202 1013 1409 1097 dominam).

235 1119 301 1182 Vel
322 1117 450 1182 Dianae
464 1117 636 1184 Pheraeae
661 1119 819 1184 infestam
842 1123 995 1184 naturam
1018 1121 1142 1204 optime
1163 1122 1406 1204 intellegemus,

236 1225 267 1288 si
279 1222 562 1307 equiadmortem
571 1224 768 1290 relationem
778 1224 945 1309 quandam
956 1226 1110 1291 extitisse
1118 1222 1409 1309 probaverimus¹).

235 1330 301 1395 Vel
314 1330 443 1395 Dianae
467 1330 637 1414 epitheton
658 1325 901 1412 χρυσηλάκατος
914 1332 1047 1416 proprio
1062 1350 1164 1396 sensu
1179 1332 1409 1416 accipiendum

237 1454 311 1500 esse
335 1455 374 1501 eo
398 1435 586 1500 confirmari
608 1433 751 1519 videtur,
783 1437 871 1519 quod
893 1434 1051 1501 Germani
1072 1435 1217 1502 Holdam
1246 1442 1281 1502 et
1301 1436 1407 1503 Berh·

235 1548 318 1624 tam,
354 1541 483 1606 Dianae
518 1542 706 1607 simillimas
742 1542 837 1625 deas,
872 1561 978 1625 aeque
1011 1544 1085 1608 colo
1117 1545 1299 1608 instructas
1334 1561 1408 1608 esee

237 1647 434 1731 cogitabant
490 1646 602 1711 Pauca
635 1651 764 1713 tantum
799 1649 856 1712 hic
889 1647 1010 1731 addidi,
1044 1648 1296 1714 fundamentum
1328 1668 1408 1714 vero

236 1754 517 1838 comparationum
562 1753 698 1818 dearum
745 1754 948 1848 Graecarum
986 1759 1021 1819 et
1058 1754 1331 1819 Germanicarum
1369 1773 1408 1818 eo

234 1861 386 1945 posuisse
424 1859 507 1923 mihi
540 1860 669 1942 videor,
716 1861 802 1942 quod
839 1860 981 1943 Dianae,
1026 1861 1277 1943 antiquissimae
1314 1858 1409 1943 deae,

233 1970 386 2030 naturam
406 1965 627 2049 principalem
650 1966 828 2049 explanari
852 1970 887 2031 et
909 1966 1059 2049 singulas
1081 1967 1224 2030 virtutes
1245 1966 1409 2030 recentio-

234 2090 354 2153 resque
378 2070 466 2153 deaa,
491 2090 574 2153 quae
598 2091 643 2136 ex
664 2072 725 2136 illa
749 2071 937 2137 declinatae
961 2074 1037 2151 sint,
1061 2073 1263 2136 enumeravi.
1306 2069 1420 2134 Prae.

234 2182 328 2241 terea
370 2176 433 2240 hac
476 2175 699 2260 disputatione
739 2176 972 2260 comprobasse
1010 2195 1064 2241 me
1102 2175 1244 2240 arbitror
1280 2173 1419 2240 Dianae-i

235 2283 362 2346 cultum
390 2281 432 2346 ad
461 2281 606 2346 Graecos
632 2283 770 2346 minime
800 2301 845 2346 ex
872 2281 1031 2346 Semitica
1057 2282 1220 2364 religione
1249 2282 1418 2358 tralatum

235 2406 319 2470 esse,
350 2387 385 2451 id
414 2386 502 2470 quod
532 2387 668 2471 plurimi
691 2387 923 2472 opinabantur,
949 2406 1061 2470 neque
1084 2388 1234 2450 lunarem
1256 2390 1416 2451 namnam

236 2511 311 2558 esse
342 2492 425 2558 deae
456 2494 685 2578 principalem,
719 2513 818 2577 quam
853 2493 925 2557 fere
960 2512 1073 2558 omnes
1108 2492 1291 2576 mythologi
1324 2491 1420 2556 falso.

235 2603 431 2666 statuerunt.
475 2597 547 2664 Nec
569 2603 681 2664 tamen
704 2602 824 2682 omnia,
849 2618 934 2681 quae
955 2599 995 2662 ad
1011 2598 1138 2662 Dianae
1162 2597 1249 2682 apud
1265 2596 1409 2661 Graecos

240 2706 367 2769 cultum
388 2706 604 2788 pertinerent,
629 2709 686 2769 aut
709 2725 754 2768 ex
778 2705 917 2769 consilio
939 2703 1112 2768 tractanda
1131 2703 1228 2768 nobis
1244 2707 1338 2765 erant
1353 2708 1422 2776 aut

233 2815 375 2876 tractata
397 2815 483 2875 sunt
527 2809 645 2892 Itaque
670 2811 768 2875 omisi
790 2810 1051 2894 disputationem
1074 2809 1115 2873 de
1139 2809 1350 2878 caerimoniis
1373 2812 1408 2872 et

234 2916 353 2981 diebus
381 2916 486 2999 festia,
519 2916 561 2979 de
590 2921 764 3000 poetarum
791 2916 1015 3000 posteriorum
1043 2915 1127 2980 deae
1150 2912 1416 2996 laudationibus,

234 3023 309 3087 de'
298 3019 482 3106 rnia'ginum
513 3021 635 3086 deae
624 3041 787 3087 rmmensa
816 3021 1029 3086 multitudine
1052 3021 1160 3102 deque
1183 3017 1416 3099 symbolorum

235 3135 269 3193 et
255 3127 431 3193 tattribut
417 3132 526 3192 torum
548 3129 696 3192 omnium
717 3130 862 3210 notione,
895 3126 1081 3210 dequibus
1102 3131 1216 3190 tamen
1236 3123 1417 3206 nonnulla,

235 3252 321 3317 quae
348 3233 389 3297 ad
411 3233 540 3298 Dianae
567 3238 719 3298 naborem
748 3234 1016 3326 perspiciendam
1042 3251 1109 3297 non
1130 3231 1225 3315 parvi
1247 3228 1407 3293 momenti

236 3343 340 3421 erant,
372 3357 430 3403 suo
454 3339 527 3403 loco
548 3341 719 3423 proposui:
750 3342 861 3403 omnia
882 3358 963 3404 vero
986 3338 1181 3421 singulatim
1202 3339 1420 3419 pertractare.

117 3477 123 3490 ·
235 3446 323 3508 ultra
345 3447 444 3509 huius
467 3444 701 3529 disputationis
726 3447 903 3509 emeritum
924 3443 1142 3528 progreditur.

310 3667 331 3735 ¹)
350 3668 515 3735 Simrock,
541 3670 561 3724 l.
583 3671 603 3724 l.
626 3687 655 3740 p.
678 3671 742 3728 385:
774 3662 840 3726 ‘Der
864 3669 962 3734 Hand,
990 3670 1039 3725 der
1064 3667 1239 3737 Juugfraueu
1264 3665 1421 3736 Begleiten

157 3762 160 3766 ’
236 3758 294 3812 und
312 3756 499 3820 Schatzhiiter‚
517 3757 554 3810 ist
572 3757 621 3811 der
639 3751 837 3812 Hdllenhund?

310 3841 332 3910 ²)
351 3845 392 3899 Id.
410 3863 438 3914 p·
457 3843 518 3899 386.

608 4517 676 4568 Typta
690 4516 716 4556 li.
726 4514 865 4563 Gutomauni,
879 4512 1032 4556 vammum.
