3367 5192
864 427 930 490 100

309 641 345 702 et
366 635 493 702 Dianae
522 638 656 701 nomine
684 638 720 700 in
748 637 887 701 iurando
915 655 1021 719 seque
1042 631 1252 718 utebantur¹)
1281 640 1315 698 et
1336 635 1379 699 iis
1401 636 1485 719 IpsIs

311 744 439 808 duobus
475 743 660 808 coniunctis
693 743 788 806 velut
821 744 859 806 ln
891 743 970 808 llur.
1002 742 1090 806 Med.
1121 762 1153 806 v.
1184 743 1267 806 160:
1300 727 1330 802 ai
1364 734 1485 821 μεγάλα

315 842 394 930 Θέμι
431 845 487 914 καὶ
523 841 624 912 πότνι’
648 840 794 930 Ἄρτεμι.
854 847 1007 931 Denique
1043 852 1154 912 autem
1187 847 1358 912 Themidis
1391 851 1485 910 extet

312 975 495 1039 cognomen
509 951 688 1037 Ilithyia¹)‚
712 955 800 1040 qnod
822 956 875 1018 illi
897 956 1024 1038 imponi
1046 973 1113 1019 non
1135 953 1251 1038 potuit,
1273 954 1341 1016 nisi
1355 950 1483 1016 Diruee
1562 940 1566 946 ’

308 1080 370 1145 per
391 1061 463 1125 fuit.
508 1061 616 1124 Diana
632 1063 722 1124 enlm
737 1060 875 1142 Ilithyia
891 1066 951 1144 est,
974 1059 1144 1125 Themidis
1158 1077 1238 1124 vero
1255 1057 1297 1122 ad
1311 1057 1483 1139 Ilithyiam

308 1167 402 1231 nulla
425 1171 477 1230 est
496 1167 625 1249 relatio,
654 1167 722 1231 ulsi
745 1185 789 1230 ex
811 1166 940 1230 Dianae
961 1165 1190 1230 similitudino.
1232 1163 1393 1245 IlithyIae
1416 1165 1483 1226 iam

309 1290 388 1336 vero
408 1291 471 1357 par
494 1277 566 1336 erat
586 1271 773 1356 Iphigenia,
796 1271 1059 1356 Iphigeniaeque
1081 1289 1174 1336 soror
1189 1265 1483 1351 chrywthamiq³l

310 1395 374 1459 quo
397 1379 433 1442 in
455 1378 589 1443 nomine
611 1377 746 1442 Themis
770 1379 833 1443 dea
855 1379 946 1442 latet.
992 1376 1047 1441 Sic
1075 1376 1203 1442 duabus
1225 1376 1417 1459 apartibus
1440 1374 1482 1438 ad

309 1482 451 1548 Dianam
477 1484 597 1548 relatio
625 1485 699 1548 sine
729 1483 831 1548 dublo
860 1483 1073 1547 concedenda
1098 1483 1241 1564 videtur,
1273 1481 1483 1563 eundemque

308 1594 463 1652 natruem
485 1591 557 1654 eius
580 1592 747 1673 propriam
771 1607 846 1654 esse
866 1590 925 1654 rel
948 1608 988 1652 eo
1004 1589 1119 1672 colligi
1133 1593 1253 1672 potest,
1275 1587 1364 1669 quod
1378 1587 1482 1651 inter·

311 1693 389 1758 dum
411 1695 541 1778 plurale
564 1713 686 1758 nomen
710 1688 842 1776 septe
862 1693 1126 1779 usurpabatur).

397 1833 471 1900 Hac
485 1835 656 1901 ThemidIs
672 1842 791 1901 natura
806 1838 939 1922 cognita
960 1844 1052 1902 recte
1075 1839 1142 1900 iam
1157 1837 1322 1918 Aeschyli
1336 1835 1485 1901 fabulam

308 1942 507 2025 intellegere
530 1961 719 2026 possumus,
747 1963 848 2027 quam
874 1945 916 2008 de
940 1945 1067 2009 oraculi
1088 1943 1245 2027 Delphici
1268 1943 1333 2006 diis
1354 1958 1485 2024 posses-

309 2047 439 2111 soribus
463 2050 499 2112 in
521 2047 743 2114 Eumenidum
766 2051 862 2114 initio
887 2055 1026 2113 enarrat.
1069 2047 1212 2114 Themin
1235 2050 1325 2113 enim
1349 2043 1484 2111 aTerra

308 2157 413 2217 matre
437 2155 608 2218 oraculum
630 2157 798 2239 recepisse
821 2155 987 2240 quondam
1009 2155 1106 2237 dicit,
1128 2159 1203 2235 post
1226 2172 1326 2235 quam
1347 2151 1483 2216 Phoebe

307 2255 447 2341 Titanis,
483 2260 605 2324 deinde
636 2261 758 2343 Apollo
790 2261 826 2324 in
855 2260 1058 2343 praesidium
1090 2260 1339 2323 successissent.
1394 2256 1483 2333 Quas

307 2365 404 2428 modo
426 2368 597 2431 nominavi
620 2367 700 2431 deas
723 2371 822 2430 unius
846 2368 992 2430 numinis
1015 2371 1083 2430 tres
1104 2365 1228 2430 formas
1244 2365 1319 2429 esse'
1336 2369 1482 2448 apparet,

307 2489 429 2554 nempe
456 2472 549 2536 illius
577 2469 872 2556 Indogermanicae
900 2472 997 2551 deae,
1033 2473 1129 2534 cuius
1158 2472 1339 2554 praecipua
1365 2476 1483 2534 ustura

307 2573 429 2641 Terrae
461 2579 497 2640 vi
532 2579 730 2642 continetur.
784 2575 902 2659 Itaque
934 2574 1048 2660 Terra,
1079 2594 1165 2659 quae
1194 2584 1335 2661 va'pores
1364 2577 1484 2661 prodit,

308 2681 493 2746 seeundum
520 2683 603 2748 rude
633 2683 939 2765 antiquissimorum
965 2683 1150 2747 incolarum
1177 2681 1353 2768 ingenium
1375 2684 1484 2767 primo

307 2775 435 2853 oraculi
448 2807 584 2873 praeses
601 2789 664 2854 dea
678 2789 923 2855 nominabatur.
962 2788 1046 2853 (lum
1061 2807 1139 2854 vero
1155 2788 1249 2874 leges
1264 2790 1485 2871 institutaque

226 2921 234 2938 ·
305 2893 437 2958 firmata
465 2900 577 2960 esseut
605 2895 733 2978 deaque
761 2895 874 2979 legum
904 2899 1015 2960 custos
1047 2894 1162 2959 habita
1190 2900 1293 2978 esset,
1329 2891 1485 2961 Themidi

305 3018 428 3064 nomen
452 3002 485 3064 ei
507 3000 651 3065 indItum
675 3007 733 3066 est.
778 2999 928 3068 Tertium
954 3001 1098 3084 denique
1120 3021 1243 3067 nomen
1270 3000 1377 3084 Φοίβη
1400 3005 1485 3067 anti-

307 3106 502 3186 quissImam
518 3097 683 3171 ‘Dianam’
707 3107 884 3190 significat,
908 3126 992 3190 quae
1016 3108 1080 3173 duo
1103 3110 1238 3173 nomina
1255 3109 1346 3173 idem
1360 3109 1483 3174 valent.

306 3207 372 3274 Sed
402 3229 478 3274 cum
504 3213 541 3274 in
569 3214 631 3278 hoc
658 3215 794 3278 nomine
818 3215 1050 3296 antiquissima
1071 3213 1201 3279 Dianae
1224 3216 1331 3281 forma
1352 3213 1482 3300 lateret,

305 3311 432 3380 Titanis
465 3317 634 3401 appeHata
667 3324 702 3383 et
733 3301 890 3384 Asteriae
917 3317 1131 3404 Latonaeque
1164 3319 1254 3386 facta
1284 3326 1337 3387 est
1364 3327 1482 3406 mater,

305 3426 343 3485 ut
373 3420 601 3487 discernerent
634 3425 723 3488 haue
754 3425 795 3490 ab
827 3425 888 3489 illa
920 3427 1052 3509 poetica
1081 3426 1209 3491 Dianae
1236 3425 1359 3516 figura,
1396 3447 1482 3511 quae

306 3527 476 3612 Apollinis
507 3546 600 3592 soror
630 3531 731 3614 vulgo
763 3530 957 3595 habebatur.
1011 3529 1167 3597 Ceterum
1192 3530 1409 3613 Pausanias⁵)
1440 3534 1482 3599 de

305 3633 423 3698 eadem
453 3651 491 3698 re
523 3633 691 3701 dIsserens
723 3635 881 3702 Phoebes
915 3619 1121 3703 mentionem
1150 3657 1218 3703 non
1248 3639 1342 3722 facit,
1380 3641 1481 3704 immo

305 3739 498 3824 Apollinem
524 3759 545 3806 e
573 3737 733 3808 Themide
762 3745 836 3827 ipsa
863 3744 1034 3808 oraculum
1062 3744 1284 3810 condonatum
1310 3747 1480 3830 recepisse

303 3850 425 3910 narrat
476 3844 573 3911 Idem
606 3866 626 3910 a
659 3845 761 3913 Terra
798 3849 903 3913 tradIt
934 3851 1117 3933 nympham
1151 3851 1331 3933 quandam,
1370 3850 1482 3935 Daph-

303 3953 377 4033 nin,
411 3956 522 4016 vatem
550 3951 674 4018 factam
713 3973 802 4038 esse,
837 3955 926 4020 unde
960 3956 1059 4040 mihi,
1093 3976 1170 4022 eum
1204 3959 1306 4023 etiem
1335 3954 1480 4023 Dianam

378 4213 398 4281 ¹)
417 4214 481 4270 Eur.
499 4213 612 4273 Mede.
626 4214 685 4271 168.
714 4217 1053 4289 Pht.1.egg.11‚9361u
1080 4219 1218 4290 Eumlph.
1230 4221 1351 4278 Taum.
1366 4219 1418 4278 797
1437 4239 1478 4290 sq.

376 4301 399 4371 ¹)
417 4302 512 4360 Noun.
530 4304 573 4370 41,
595 4303 655 4358 162.

375 4389 397 4459 ⁸)
416 4391 499 4448 Hom.
519 4395 542 4457 l,
563 4392 622 4459 145,
640 4391 701 4450 287.
736 4394 828 4451 Schol.
847 4397 884 4451 ud
901 4398 924 4446 A
942 4400 967 4452 7.

374 4479 398 4547 ⁴)
417 4480 498 4536 Pina
517 4479 560 4535 Ol
578 4481 612 4547 X,
631 4479 675 4538 24.
710 4481 742 4536 P.
759 4482 795 4549 11,
813 4484 857 4549 31,
876 4485 901 4540 5.
943 4485 978 4542 cl.
997 4502 1080 4554 supra
1097 4503 1125 4556 p.
1145 4486 1187 4541 53.

375 4566 398 4636 ⁸)
417 4568 447 4624 P.
465 4568 500 4635 X,
518 4571 544 4634 5,
563 4571 579 4625 5
597 4585 658 4636 sqq.
