3367 5192
828 349 872 412 28

266 579 397 645 semper
424 561 548 644 primus
580 559 755 643 obtineret,
783 561 819 625 in
847 560 986 624 canticis
1014 559 1218 624 solemnibus
1240 561 1437 644 saepissime

265 665 403 731 vocibus
433 658 594 737 olerona,
628 657 761 742 ἄνασσα,
792 663 935 746 βασίλεια
967 664 1154 746 ornabatur,
1188 684 1274 747 quae
1302 667 1366 731 etsi
1394 666 1437 731 ab

160 796 167 806 ·
266 772 342 835 aliis
371 770 496 835 deabus
523 787 590 832 non
619 768 747 833 alienae
779 773 883 849 erant,
913 773 949 834 in
976 773 1076 836 buius
1103 771 1202 836 laude
1233 790 1277 836 ex
1300 791 1438 838 consue-

265 877 383 942 tudine
418 876 489 940 fere
524 892 656 958 semper
687 873 857 938 adhibitae
884 877 1049 942 videntur.
1098 871 1262 940 Δέσποινα
1290 879 1438 962 exempli

265 985 373 1068 gretie
395 981 503 1046 Diana
526 980 714 1065 appellatur
737 999 756 1043 s
779 978 942 1065 Sophocle
965 982 1028 1065 (ΕΙ.
1050 1003 1079 1047 r.
1104 980 1181 1062 626)
1212 982 1254 1047 ab
1276 983 1438 1069 Euripide

264 1089 411 1174 (Hippoi.
438 1086 846 1171 νν.228,1324,1396),
876 1080 1001 1152 ἄνασσα
1031 1089 1072 1153 ab
1102 1089 1220 1154 eodem
1247 1088 1330 1174 (lph.
1358 1090 1437 1157 Aul

263 1216 315 1261 vv.
341 1195 436 1276 1230,
461 1194 558 1276 1481,
584 1193 668 1256 1622
693 1196 727 1257 et
749 1192 805 1256 hio
821 1194 956 1276 quidem
970 1193 1061 1257 θεῶν
1082 1188 1228 1277 ἄνασσα),
1252 1195 1293 1259 ab
1309 1197 1438 1261 Aristo

264 1304 373 1387 phane
397 1298 540 1381 (Pbesm.
562 1319 593 1362 v.
617 1295 705 1381 971),
733 1299 770 1362 in
792 1299 916 1380 hymno
939 1297 1083 1384 Orphico
1111 1298 1143 1381 (2
1167 1319 1197 1362 v.
1220 1299 1253 1381 6)
1277 1306 1311 1366 et
1335 1302 1439 1367 Calli-

263 1408 402 1472 macbeo
431 1406 479 1488 (in
508 1404 603 1468 Dian.
634 1423 664 1466 v.
687 1402 766 1467 204;
794 1390 883 1466 Orias
903 1398 1057 1470 ἄνασσα·
1083 1405 1132 1470 cf.
1153 1405 1234 1470 Hes.
1257 1427 1282 1472 s.
1305 1427 1335 1471 v.
1353 1394 1440 1471 Ὦνι
1472 1477 1476 1492 ,

264 1507 429 1598 ἄνασσα),
459 1508 602 1591 βασίλεια
624 1509 768 1590 denique
792 1511 829 1572 in
852 1509 975 1589 hymno
999 1507 1098 1595 Orpb.
1127 1513 1185 1594 36,
1215 1531 1268 1576 vr.
1294 1513 1311 1575 1
1337 1517 1370 1578 et
1395 1515 1434 1576 11

265 1615 484 1698 παμβασίλεια,
509 1634 574 1698 que
595 1633 678 1680 voce
700 1614 784 1680 Iuno
808 1634 939 1698 quoque
964 1616 1195 1700 appellabatur
1210 1618 1321 1701 (Hym.
1336 1616 1437 1703 Orpln

265 1721 306 1783 16
329 1741 361 1788 r.
385 1718 420 1801 2)
446 1725 481 1786 et
501 1720 655 1786 Nemesis
678 1720 732 1804 (H.
757 1719 857 1805 Orpb.
880 1723 921 1784 61
945 1742 975 1786 r.
1001 1722 1049 1804 1);
1080 1743 1146 1806 quo
1175 1723 1217 1789 de
1241 1727 1437 1808 cognomine

264 1827 365 1890 etiam
387 1825 593 1892 Herodotum
617 1825 686 1909 (IV,
710 1825 765 1908 33)
789 1826 934 1892 conferri
956 1828 1046 1912 licet,
1070 1831 1129 1910 qui
1143 1827 1288 1894 Thraces
1308 1828 1436 1895 Dianae

263 1930 412 2016 Reginae
437 1935 564 1998 cultum
587 1933 710 1998 habere
734 1933 845 1998 tradit.

351 2039 451 2123 Apud
466 2039 616 2104 Arcades
639 2038 835 2122 saepissime
852 2042 887 2102 et
902 2038 1003 2104 Ocres
1019 2043 1053 2105 et
1067 2038 1269 2124 Proserpina
1283 2034 1437 2104 δέσποινα

262 2146 432 2209 nominata
464 2149 514 2210 est
526 2143 561 2229 ¹),
597 2163 679 2227 quas
711 2145 847 2228 proprie
875 2163 895 2208 s
921 2144 1030 2209 Diana
1056 2163 1123 2213 non
1150 2146 1300 2211 diversas
1330 2146 1435 2209 fuisse

263 2251 330 2314 iam
365 2251 445 2318 inde
480 2255 625 2337 apparet,
660 2250 747 2333 quod
783 2268 882 2314 cerva
916 2250 1076 2333 quaedam
1110 2252 1306 2337 Despoense
1340 2270 1435 2316 sacrs

262 2359 452 2423 nominatur
462 2353 496 2439 2).
542 2356 732 2438 Aeschylus
759 2356 882 2422 deinde
910 2376 987 2427 cum
1008 2356 1151 2423 Dianam
1174 2357 1305 2423 (icteris
1328 2357 1433 2422 filiam

262 2465 484 2530 nominaverit
494 2460 530 2548 3),
559 2483 634 2530 eam
656 2462 875 2546 Proserpinae
902 2464 939 2528 in
965 2464 1076 2528 locum
1106 2463 1287 2529 substituit.
1333 2462 1435 2529 Pater

264 2571 398 2653 quidem
428 2571 527 2636 huius
559 2569 764 2654 Despoenae,
795 2587 880 2651 quoe
908 2571 1078 2651 mysteriis
1106 2589 1210 2654 prope
1238 2571 1436 2636 dcucesium

261 2677 298 2740 in
313 2677 460 2741 Arcadia
475 2678 600 2742 eximie
617 2674 796 2756 colebatur,
819 2673 994 2759 Neptunus
1014 2676 1119 2742 fuisse
1134 2677 1276 2741 truditur
1298 2675 1331 2759 (1
1347 2676 1369 2740 l.
1386 2675 1434 2757 9):

262 2802 384 2848 nomen
413 2801 493 2848 vero
516 2783 695 2867 proprium,
730 2780 816 2862 quod
838 2780 1024 2846 Pausanias
1046 2780 1141 2864 (VIII
1165 2783 1217 2865 36,
1242 2780 1274 2863 7)
1298 2781 1339 2845 ud
1361 2799 1435 2866 pro·
1497 2839 1501 2844 ,

262 2888 357 2952 fanos
379 2888 519 2972 prodere
542 2891 679 2952 veretur
701 2906 768 2951 non
790 2884 938 2970 Iunonis,
961 2889 1062 2953 immo
1085 2887 1213 2953 Dianae
1228 2889 1334 2952 fuisse
1349 2889 1437 2952 veri·

263 2994 471 3058 simillimum
496 2999 555 3076 est,
580 3012 655 3058 cum
677 2992 804 3058 ibidem
828 2994 930 3058 etiam
952 2993 1081 3058 Dianae
1095 2993 1311 3077 Hegemonae
1334 2993 1435 3058 aedos

263 3104 359 3165 esset.
405 3098 513 3164 Diana
541 3104 653 3165 autem
680 3118 746 3182 qus
771 3099 901 3164 ratione
929 3098 970 3162 ad
999 3098 1235 3184 Proserpinam
1260 3100 1437 3183 pertineat,

262 3205 351 3270 infra
373 3207 561 3272 accuratius
586 3205 817 3291 explicabitur.
865 3204 1022 3270 Ceterum
1048 3206 1116 3270 iam
1139 3206 1256 3270 Cicero
1284 3203 1346 3287 (De
1368 3209 1435 3268 nat.

262 3310 445 3394 (1.1Π23,
470 3311 525 3393 68)
553 3330 629 3376 cum
658 3312 839 3377 inferorum
867 3311 985 3394 regina
1007 3310 1150 3377 Dianam
1177 3312 1330 3393 conectit,
1360 3329 1436 3375 cum

263 3437 337 3482 eam
358 3417 449 3483 Iovis
472 3422 507 3482 et
529 3417 749 3503 Proserpinae
771 3417 876 3483 filiam
900 3416 1016 3481 baberi
1039 3416 1129 3482 dicat
1145 3408 1245 3500 ‘quae
1260 3418 1434 3501 pinnatum

265 3524 464 3608 Cupidinem
485 3525 642 3608 genuisse
657 3515 787 3590 dicitur’
804 3522 859 3607 (oi.
876 3524 896 3587 L
913 3524 934 3588 l.
950 3522 969 3606 ᾗ
985 3521 1051 3607 60).
1097 3522 1196 3587 Certe
1212 3523 1434 3605 praecedente

262 3632 326 3696 bac
348 3631 572 3716 disputatione
596 3631 810 3696 manifestum
832 3631 872 3696 fit
893 3630 1031 3694 deorum
1051 3629 1139 3713 apud
1155 3627 1299 3692 Graecos
1314 3647 1435 3712 genea-

263 3736 369 3821 logias
391 3737 488 3802 ralde
512 3739 658 3802 incertus
681 3737 794 3812 inisse,
826 3754 929 3820 quare
950 3755 1018 3800 non
1040 3736 1162 3799 mirum
1185 3739 1246 3818 est,
1277 3735 1362 3816 quod
1392 3735 1434 3801 de

262 3841 389 3908 Dianae
413 3844 644 3927 antiquissima
667 3843 709 3907 ad
728 3841 844 3908 Iovem
858 3841 1020 3906 relatione
1035 3840 1122 3905 nihil
1137 3841 1260 3906 litteris
1274 3842 1434 3907 traditum

262 3954 323 4031 est,
345 3950 542 4034 praesertim
557 3968 634 4014 cum
647 3953 801 4015 vetustae
816 3948 1014 4032 sententiae,
1036 3949 1103 4012 nisi
1118 3952 1291 4033 poetarum
1307 3946 1435 4012 fabulis

263 4052 457 4120 obscuratae
480 4061 593 4121 tamen
614 4055 811 4141 plerumque
834 4056 872 4119 in
894 4056 1129 4136 mysteriorum
1143 4054 1309 4138 religione
1324 4054 1436 4118 occul·

262 4162 350 4225 tatae
373 4162 448 4226 sint.

336 4333 358 4399 1)
376 4336 407 4390 P.
425 4336 501 4404 VllI,
519 4337 564 4404 35,
582 4337 612 4402 2;
630 4337 674 4406 37,
695 4336 788 4390 1-10.

336 4419 357 4490 ¹)
375 4423 406 4479 P.
425 4423 502 4487 VllI,
521 4424 563 4491 10,
582 4424 625 4480 10.

337 4509 359 4580 ⁸)
377 4511 408 4566 P.
427 4511 503 4579 VIll,
521 4514 565 4578 37,
584 4514 601 4568 6
619 4515 648 4568 st
666 4511 731 4568 adn.
749 4511 874 4569 Sisbolir.
