3367 5192
796 333 1008 454 ,so'

291 579 410 661 Itaque
435 541 512 642 curn
526 579 706 664 Pelopidas
721 579 864 647 Dianam
884 582 1027 646 coluisse
1043 582 1196 664 sciamus,
1221 580 1469 646 concedendum

294 691 384 751 certe
414 690 466 750 est
495 685 558 750 hac
588 687 662 770 ipsa
688 705 726 750 re
759 688 966 772 comprobari
992 687 1079 751 illud
1101 688 1318 751 simulacrum
1340 685 1469 752 Dianae

292 794 425 876 signum
453 809 528 856 esse
560 793 759 875 praesertim
786 811 862 857 oum
885 794 1001 858 leones
1024 793 1066 856 ad
1090 793 1178 856 hauc
1200 792 1298 856 deam
1320 794 1470 856 maxime

291 899 490 982 pertineant

379 1037 453 1102 Hac
481 1022 664 1101 'interiecta
691 1037 924 1119 disquisitione
953 1039 1225 1122 insignissimum
1253 1038 1350 1103 nobis
1383 1057 1471 1102 oom-

292 1145 480 1226 paravimus
507 1141 634 1207 Dianae
665 1141 752 1226 apud
782 1143 1030 1224 antiquissimos
1058 1142 1212 1208 Graecos
1242 1144 1351 1208 cultus
1375 1163 1471 1228 argu-

291 1253 449 1332 mentum,
478 1252 515 1312 ut
543 1249 611 1311 iam
639 1266 707 1311 non
735 1248 841 1312 solum
865 1249 1067 1332 cogitatione
1090 1250 1184 1314 illius
1207 1251 1366 1333 temporis
1390 1249 1470 1313 deos

293 1360 326 1421 et
348 1356 548 1439 religionem
572 1355 710 1437 opinari,
734 1353 793 1417 sed
810 1355 911 1418 etiam
928 1356 1001 1438 ipso
1017 1356 1274 1419 simulacrorum
1291 1359 1471 1439 conspectu

292 1461 380 1544 deos,
405 1479 489 1542 quos
514 1461 734 1543 cogitaverint
757 1461 1047 1544 comprehendere,
1071 1463 1246 1547 possimus.

380 1602 602 1667 Revertamur
618 1605 730 1666 autem
747 1602 788 1666 ad
804 1604 962 1667 animalia
976 1602 1105 1668 Dianae
1122 1601 1218 1668 saera
1234 1604 1469 1670 describenda:

293 1726 311 1772 e
336 1707 504 1772 cicuribus
527 1706 609 1771 deae
633 1710 819 1773 consecrati
842 1712 936 1772 erant
958 1708 1070 1793 boves,
1096 1712 1184 1792 equi,
1209 1711 1308 1793 capri.

380 1846 447 1911 Bos
487 1851 522 1910 et
557 1851 693 1930 propter
729 1849 994 1932 magnitudinem
1032 1854 1067 1914 et
1104 1854 1241 1934 propter
1277 1850 1471 1929 utilitatem,

293 1972 392 2035 quam
407 1953 599 2018 hominibus
615 1953 755 2035 praebet
769 1956 959 2036 maximam,
983 1953 1111 2018 Dianae
1135 1973 1231 2019 sacer
1246 1950 1470 2034 habebatur1),

292 2078 395 2141 quare
427 2059 510 2122 deae
539 2076 662 2122 nomen
689 2056 901 2138 Τααροπόλος
930 2062 1171 2144 imponebatur,
1206 2061 1293 2142 quod
1315 2061 1469 2144 primitus

292 2164 459 2248 significat
481 2161 578 2227 deam
597 2154 712 2228 ‘boves
734 2168 929 2248 pascentem
947 2166 1004 2230 rel
1020 2160 1220 2246 tuentem’¹).
1264 2166 1469 2249 lingebatur

293 2275 404 2335 autem
428 2270 512 2334 haec
535 2269 597 2334 dea
612 2271 648 2333 in
662 2274 758 2334 tauro
774 2271 959 2335 consistens
973 2272 1030 2335 vel
1045 2267 1206 2354 sedens³),
1231 2271 1319 2353 qnod
1335 2271 1470 2335 schema

293 2395 337 2440 ex
361 2376 518 2440 orientali
542 2379 613 2439 arte
637 2379 806 2458 sumptum
829 2394 904 2440 esse
928 2377 1017 2441 haud
1039 2379 1242 2461 negaverim.
1284 2376 1368 2441 (ium
1389 2393 1470 2438 vero

292 2487 415 2564 taurus,
440 2483 476 2544 in
499 2499 599 2562 quem
622 2482 778 2564 imposita
800 2481 865 2546 dea
886 2481 1082 2566 fingebatur,
1113 2502 1251 2547 currens
1273 2484 1470 2566 plerumque

292 2588 487 2672 fingeretur,
522 2587 618 2650 deam
646 2589 742 2668 quasi
776 2591 908 2652 taurum
942 2593 1123 2653 vexantem
1158 2608 1233 2653 esse
1269 2587 1468 2672 cogitabant,

292 2694 380 2759 unde
396 2692 611 2777 proverbium
627 2693 753 2757 factum
769 2696 820 2757 est
836 2687 1050 2773 Ταυροπόλας
1061 2686 1245 2774 Ἀρτέμιδος
1258 2687 1470 2775 ταχύτερος).

294 2800 514 2883 Comprobaro
549 2816 628 2863 vero
662 2817 730 2862 non
764 2816 910 2882 possum,
945 2798 1033 2879 quod
1066 2797 1133 2860 viri
1168 2798 1258 2862 docti
1292 2799 1352 2861 has
1387 2797 1470 2862 deae

292 2908 414 2990 figuras
438 2905 622 2986 symbolice
656 2907 808 2970 lunarem
836 2906 1005 2974 notionem
1036 2904 1199 2968 exhibere
1230 2897 1470 2978 censuerunt⁵l

292 3012 421 3076 Lunam
446 3012 546 3094 enim,
570 3003 670 3092 onam
692 3011 745 3074 illi
760 3011 963 3093 principium
984 3010 1159 3092 religionis
1175 3007 1303 3074 Dianae
1318 3013 1471 3072 naturam

293 3137 367 3182 esse
396 3117 607 3199 arbitrantur,
641 3135 763 3180 vaccae
794 3115 930 3197 quidem
959 3113 1119 3197 symbolo,
1146 3133 1210 3179 neo
1240 3118 1355 3179 tamen
1381 3115 1471 3179 tauri

293 3222 476 3307 significari
509 3239 607 3306 posse
640 3225 730 3304 puto.
786 3219 904 3302 Neque
945 3221 1145 3285 scholiastae
1185 3225 1263 3284 nota
1296 3220 1338 3284 ad
1372 3218 1470 3302 Soph.

292 3330 386 3412 Ajac.
409 3347 439 3392 v.
464 3329 527 3391 172
551 3321 602 3390 ὅτι
622 3321 644 3410 ἡ
667 3319 750 3409 αὐτὴ
771 3325 812 3411 τῇ
834 3320 964 3409 Σελήνῃ
986 3319 1051 3387 ἐστὶ
1073 3320 1129 3387 αα)
1151 3318 1307 3404 ἐποχεῖται
1327 3318 1469 3405 ταύροις,

292 3429 337 3517 ἣν
358 3429 413 3497 καὶ
434 3425 609 3512 revocato
630 3425 849 3512 ὀνομάζουσιν
870 3430 965 3493 illam
987 3429 1189 3492 senteutiam
1217 3427 1301 3491 mihi
1329 3428 1469 3511 probare

292 3538 433 3620 videtur,
469 3555 545 3600 oum
577 3536 779 3619 posteriores
813 3536 1024 3618 grammatici
1053 3535 1180 3599 minine
1215 3533 1470 3614 antiquissimae

294 3644 500 3708 Graecorum
525 3642 700 3725 religionis
728 3643 825 3724 gnari
854 3641 999 3706 habendi
1027 3642 1108 3722 sint,
1141 3640 1199 3720 qui
1227 3639 1342 3704 lunam
1369 3639 1469 3720 vulgo

293 3769 351 3834 pro
381 3749 532 3812 insaniae
561 3765 661 3811 causa
684 3747 865 3811 habebant:
896 3745 1006 3810 Diana
1035 3749 1147 3808 autem
1180 3748 1270 3826 tunc,
1303 3762 1379 3807 oum
1410 3744 1470 3806 illa

295 3856 419 3938 scripta
443 3858 529 3936 sunt,
552 3855 619 3917 iam
642 3854 701 3918 diu
722 3852 838 3918 Lunae
861 3858 1014 3917 naturam
1036 3851 1199 3916 induerat

327 4181 334 4194 ·
369 4150 390 4220 ι)
409 4151 444 4206 cf.
463 4150 636 4217 welches,
656 4149 707 4206 Tu.
726 4145 773 4203 Gr.
785 4146 807 4214 I,
825 4166 854 4219 p·
866 4145 928 4204 592.
957 4146 1103 4212 Puellar,
1121 4144 1212 4214 Mytu
1224 4142 1305 4210 (inl,
1323 4141 1470 4214 p.251sq.

368 4235 390 4305 2)
411 4238 446 4292 of.
464 4234 585 4300 alucitae.

369 4323 391 4394 8)
408 4326 479 4380 Μαι.
497 4323 588 4379 Berol.
606 4325 714 4393 antiqu.
732 4341 762 4381 n.
780 4325 864 4399 7587:
887 4323 1033 4391 Tanagrae
1050 4321 1170 4377 inventa
1187 4320 1278 4388 figura
1297 4319 1403 4388 figlina

368 4410 391 4479 ι)
409 4413 493 4468 Mioh.
512 4412 637 4481 Apostol.
657 4413 699 4479 16,
718 4410 762 4468 22.

369 4497 391 4567 ὅ)
410 4498 562 4568 Preller,
578 4500 598 4554 l.
616 4499 636 4556 l.

1680 3842 1681 3851 ι

1665 3886 1675 3906 ⁴
1679 3876 1682 3884 ι

1678 3918 1682 3933 Q

1679 3938 1682 4113 l

1679 4156 1680 4171 l

1679 4242 1680 4259 l

1679 4280 1680 4291 ι

1676 4326 1681 4587 ¹

1671 4672 1680 4897 ι
