3367 5192
842 366 886 429 90

278 571 341 640 dea
362 575 526 656 paulatim
548 576 586 638 in
607 593 769 658 personae
791 576 958 639 humanae
980 574 1297 657 potentissimeque
1313 575 1452 657 reginae

278 676 419 770 formam
456 683 582 744 munta
617 684 676 762 est,
710 698 794 771 quae
828 684 927 745 antea
959 679 1024 744 dea
1056 680 1166 764 gentis
1199 679 1293 742 illius
1327 679 1452 743 Aricae

277 783 438 847 natiualis
450 783 570 866 fuerat,
587 802 737 866 quaeque
753 784 937 849 secundnm
952 784 1116 848 cultorum
1131 801 1241 849 mores
1256 783 1453 849 bellicosam

277 891 430 952 naturam
452 888 615 954 induerat.

365 992 527 1058 Eiusdem
564 995 646 1059 deae
682 994 822 1060 eandem
852 997 1006 1058 naturam
1039 994 1077 1057 in
1108 993 1170 1057 illa
1203 992 1266 1058 dca
1304 993 1453 1058 animad-

274 1099 452 1180 vertimus,
491 1101 586 1163 cuius
623 1101 660 1163 in
693 1101 853 1164 honorem
884 1099 1107 1164 Amazones
1144 1097 1273 1162 bellare
1312 1099 1451 1180 eiusque

276 1203 402 1268 cultum
441 1223 625 1288 propagare
662 1204 870 1271 dicebantm.
924 1203 1023 1268 Multi
1061 1203 1196 1286 quidem
1233 1199 1450 1287 mythologi¹l

273 1305 448 1373 fabulosae
472 1310 582 1392 gentis
605 1309 701 1374 deam
723 1310 876 1374 lunarem
898 1327 972 1374 esec
996 1311 1148 1389 censent,
1176 1310 1235 1390 qui
1257 1327 1349 1373 error
1370 1308 1451 1373 inde

273 1413 386 1498 fluxit,
419 1414 506 1497 quod
528 1412 671 1480 Dianam
697 1415 734 1478 in
755 1416 950 1479 universum
971 1415 1124 1479 lunarem
1145 1414 1242 1478 deam
1266 1432 1340 1478 esse
1363 1413 1452 1480 arbi·

272 1519 456 1584 trabantur.
502 1517 588 1584 Mihi
614 1524 727 1584 autem
753 1519 917 1585 bellicosa
941 1524 1060 1584 natira
1086 1522 1123 1584 in
1150 1519 1358 1584 Amazonum
1386 1519 1450 1584 dea

272 1625 453 1710 praecipua
489 1623 595 1688 fuisse
631 1624 778 1707 videtur,
821 1625 910 1707 qnod
947 1625 1101 1689 omnibus
1144 1624 1186 1689 de
1223 1623 1450 1689 Amazonibus

273 1728 396 1794 fabulis
431 1729 513 1792 satis
548 1730 787 1813 comprobatur.
844 1728 1008 1795 Diodorus
1043 1728 1111 1812 (II,
1145 1728 1208 1811 46)
1241 1730 1320 1794 illas
1355 1748 1450 1794 sacra

270 1826 427 1914 Ἀρτέμιδι
455 1831 496 1917 τῇ
522 1827 827 1918 προσαγορευομένῃ
858 1830 1061 1920 Ταυροπόλῳ
1088 1835 1212 1900 fecisse
1238 1835 1353 1919 tradit,
1382 1854 1448 1918 quo

166 1995 169 2002 .
274 1937 469 2023 cognomine
492 1938 590 2003 deam
612 1939 737 2003 infesta
750 1943 870 2004 natura
884 1942 1069 2024 praeditam
1082 1940 1244 2004 videlicet
1257 1939 1447 2024 significare

271 2046 386 2110 voluit.
447 2043 521 2108 'lali
562 2043 683 2109 deinde
724 2044 807 2110 deae
845 2047 969 2131 optime
1006 2047 1210 2111 conveniunt
1246 2049 1447 2110 armatorum

273 2150 485 2233 saltationes,
520 2167 603 2233 quas
638 2149 679 2214 ab
710 2150 938 2215 Amazonibus
972 2153 1173 2215 exercitatas
1206 2151 1312 2215 fuisse
1346 2150 1447 2214 Galli-

271 2250 440 2336 machus²)
462 2255 572 2320 tradit.
1044 2239 1050 2247 ’

360 2360 542 2426 Praeterea
564 2357 802 2445 Omphale³),
833 2380 920 2443 quae
941 2360 1099 2426 Herculis
1122 2363 1257 2426 armai
1281 2380 1309 2425 e.
1332 2378 1446 2424 arcum

274 2467 308 2530 et
329 2466 520 2550 pharetram
542 2470 692 2550 gestasse
715 2467 897 2550 dicebatur,
924 2471 1058 2531 nostrae
1081 2466 1165 2532 deae
1187 2468 1328 2532 formam
1349 2482 1446 2551 prae·

269 2571 337 2654 bet,
366 2591 453 2653 quae
478 2572 564 2656 apud
586 2570 698 2654 Lydos
721 2572 801 2636 olim
822 2573 860 2637 in
882 2573 976 2638 cultu
1002 2577 1038 2637 et
1058 2571 1182 2638 fabulis
1203 2574 1342 2657 vulgata
1363 2577 1444 2638 erat

269 2675 358 2766 Lydi
384 2680 473 2742 enim
497 2676 644 2742 Semitas
667 2679 754 2742 hanc
775 2677 973 2761 religionem
988 2679 1030 2742 ab
1044 2678 1137 2743 Ariis
1160 2680 1181 2742 i.
1202 2697 1230 2743 e.
1253 2678 1444 2761 Phrygibus

269 2783 438 2865 recepisse
461 2782 626 2846 videntur.

359 2886 513 2969 Denique
528 2889 565 2951 in
579 2887 787 2971 Cappadocia
799 2889 857 2952 vel
868 2889 1072 2972 temporibus
1087 2888 1326 2973 posterioribus
1338 2907 1444 2953 uma·

268 2995 338 3056 tam
347 2994 434 3057 hanc
443 2993 540 3057 deam
548 2986 822 3057 invenimus‘lla’
831 2996 1045 3074 nominatam,
1058 2997 1154 3059 cuins
1164 2994 1318 3059 sacerdos
1328 2994 1443 3059 Goma-

268 3101 383 3164 nensis
404 3099 475 3163 fere
498 3099 611 3181 regale
633 3099 812 3181 imperium
833 3100 936 3164 totius
958 3101 1149 3183 provinciae
1170 3098 1320 3165 obtinuit
1357 3098 1443 3162 Eam

269 3203 367 3268 deam
377 3202 577 3268 Plutarchus
593 3199 688 3288 (Sull.
704 3223 735 3287 p.
746 3197 811 3268 45⁷
817 3202 858 3286 B)
872 3209 985 3268 utrum
999 3204 1129 3269 Lunam
1143 3225 1187 3269 an
1197 3204 1383 3269 Minervam
1399 3223 1443 3268 an

267 3307 446 3372 Bellonam
460 3309 610 3372 nominet
632 3307 770 3391 dubitat,
792 3309 882 3374 uude
906 3309 1067 3391 cuiusque
1090 3310 1173 3374 deae
1196 3315 1326 3394 partem
1347 3309 1444 3373 illam

270 3413 473 3478 continuisse
498 3414 645 3498 colligas.
682 3411 753 3478 Nec
768 3415 901 3496 Assyrii
922 3417 990 3499 ipsi
1011 3415 1114 3480 talem
1135 3417 1233 3480 deam
1254 3434 1322 3479 non
1341 3414 1443 3478 habe·

267 3518 367 3600 bant,
398 3517 486 3584 Istar
518 3521 736 3603 nominatam,
772 3522 867 3586 cuius
901 3523 1010 3604 imago
1044 3521 1153 3584 stellis
1185 3522 1315 3584 inserta
1346 3525 1442 3604 virgo

270 3624 458 3710 sagittifera
488 3622 600 3707 erat4).
643 3624 739 3690 Haeo
767 3627 836 3690 iam
864 3645 908 3691 ex
930 3625 1155 3690 Asiaticorum
1183 3625 1335 3708 gentium
1362 3626 1443 3689 reli-

271 3731 372 3814 gione
404 3731 616 3816 comparandi
646 3733 755 3814 gratia
784 3733 896 3815 attuli,
932 3750 1023 3796 nunc
1052 3749 1132 3795 vero
1166 3731 1209 3794 ad
1240 3728 1442 3795 Graecorum

268 3827 419 3920 ipsorum
441 3835 637 3902 bellicosam
658 3835 801 3901 Dianam
823 3836 1075 3902 describendam
1095 3837 1274 3919 pergimus
1472 3838 1474 3843 '

267 3975 481 3986 -ι-ι-ι

171 4094 172 4098 ,
341 4041 362 4111 ¹)
381 4044 529 4111 Preller,
552 4044 643 4114 Myon
662 4043 709 4100 Gr.
727 4044 750 4109 1,
772 4061 800 4113 p.
818 4042 881 4102 254.
917 4044 1146 4112 Wachsmnth,
1170 4044 1222 4100 Die
1239 4042 1319 4099 suot
1338 4042 1440 4110 Athen,

267 4131 288 4199 I,
306 4128 484 4289 l)·¹)42l(dymrr.
503 4219 551 4285 111,
569 4237 597 4275 r.
614 4218 666 4275 241
685 4235 746 4289 sqq.

340 4303 362 4375 ⁸)
381 4306 416 4361 ci.
440 4305 589 4372 Preller,
615 4306 655 4373 H,
679 4325 706 4378 p.
730 4305 792 4362 226.
828 4307 920 4364 'l‘moli
945 4306 1027 4363 fune
1051 4306 1153 4363 coniux
1176 4306 1314 4377 Omphale
1338 4305 1438 4361 fertura

267 4394 406 4451 linoliam
424 4409 491 4450 vero
508 4393 629 4450 Dianam
646 4395 745 4451 hadal
761 4395 865 4451 Athen.
884 4394 926 4463 14,
944 4393 988 4450 3&

339 4479 363 4550 ⁴)
382 4481 416 4536 cf.
435 4481 480 4536 Fr.
498 4481 717 4549 innormat,
735 4482 788 4538 Die
805 4482 937 4554 &finge
954 4482 1005 4538 der
1022 4480 1128 4549 Ombos,
1146 4479 1181 4549 ΙΙ,
1199 4499 1228 4552 p.
1246 4483 1290 4538 51.
