3367 5192
813 376 877 434 .7‡

250 591 326 650 sunt
353 606 539 669 nomenque
567 590 676 672 ipsum
706 606 749 651 ex
772 587 875 649 Arica
897 582 1211 667 Iudogermauarum
1234 583 1423 666 linguarum

248 699 342 777 parte
369 714 444 759 mea
470 696 638 759 sententia
667 693 846 758 descendit.
902 691 1081 757 Praeterea
1114 710 1193 754 vero
1225 693 1262 754 in
1295 691 1422 756 Dianae
1461 678 1464 684 ⁴

210 786 212 792 ¹
251 802 359 864 cultus
382 802 522 865 historia
550 802 734 865 clarissime
763 802 856 865 cerni
882 801 963 864 lieet
989 801 1083 865 illam
1112 801 1234 864 mentis
1258 799 1423 862 humanae

135 947 138 951 -
252 907 429 972 aradibus
455 912 489 971 et
512 929 531 971 a
553 911 672 971 natura
694 909 767 991 ipse
796 907 938 989 quodam
966 907 1063 991 modo
1092 908 1202 970 insitis
1230 905 1421 986 notionibus

251 1013 292 1076 ad
318 1015 506 1096 praec-laras
536 1014 612 1077 illas
641 1014 956 1096 pulcherrimasque
985 1018 1158 1097 poetarum
1192 1011 1422 1093 artificumque

252 1106 469 1202 cogitationes
487 1113 780 1204 progressionem,-
806 1137 890 1202 quae
920 1140 964 1184 ex
991 1121 1056 1183 diis
1090 1138 1182 1183 mere
1216 1117 1422 1183 naturalibus

250 1229 388 1291 numina
418 1229 555 1311 egregie·
582 1228 694 1292 ethica
722 1228 953 1309 conformavit,
989 1245 1053 1309 qua
1080 1229 1116 1290 iu
1144 1245 1180 1290 re
1216 1226 1296 1289 eatis
1332 1229 1421 1288 certe

184 1391 186 1400 ,
251 1336 418 1417 propriam
435 1334 581 1398 Graecae
606 1336 714 1416 gentis
739 1334 885 1398 indolem
907 1353 1084 1416 agnoscas
1121 1331 1186 1396 Sed
1201 1337 1273 1396 tum
1288 1332 1421 1395 demum

251 1441 339 1504 huno
362 1460 574 1524 progressum
596 1441 784 1524 intelleges,
808 1460 884 1504 oum
906 1439 1035 1504 Dianae
1057 1445 1209 1503 naturam
1234 1439 1424 1520 antiquissi-

252 1566 341 1610 mam
363 1548 584 1631 perspexeris.

749 1669 824 1772 cap
854 1668 874 1751 t
900 1669 928 1751 Ι.

638 1809 683 1880 De
706 1809 828 1880 Dianae
850 1808 1040 1879 nominibus.

342 1938 424 2002 Cum
447 1940 483 2001 in
506 1940 569 2002 hac
585 1938 816 2002 dissertatione
833 1939 950 2021 lingua
965 1942 1098 2000 utamur
1112 1934 1242 2016 Latina,
1266 1934 1423 1998 Latinum

251 2063 381 2126 quoque
406 2045 486 2108 deae
510 2065 631 2110 nomen
653 2051 833 2110 tractemus
857 2065 895 2108 ao
918 2047 1025 2130 primo
1050 2045 1184 2126 quidem
1204 2044 1289 2106 loco:
1313 2061 1422 2124 neque
1495 2025 1499 2032 ¹
1537 2029 1540 2032 ⁴

253 2153 342 2214 enim
375 2154 438 2216 hoo
473 2171 756 2236 supervacaneum
789 2154 935 2235 videtur,
975 2171 1051 2214 oum
1085 2153 1148 2213 hac
1182 2149 1423 2233 disceptatione

251 2261 352 2322 etiam
387 2259 428 2323 de
464 2259 611 2324 Graecae
646 2259 774 2324 Dianae
812 2263 931 2323 natura
966 2260 1090 2342 optime
1125 2255 1311 2320 doceamur.
1372 2255 1422 2320 De

255 2367 456 2450 etymologia
478 2367 577 2430 huius
600 2367 756 2430 vocabuli
779 2367 930 2430 dubitare
947 2367 1014 2429 iam
1029 2383 1095 2428 non
1110 2364 1190 2426 licet
1201 2360 1238 2443 1);
1263 2361 1425 2426 feminina

253 2476 304 2535 est
327 2471 420 2534 Iani
442 2475 586 2536 nominis
610 2473 758 2536 formai.
784 2492 810 2537 e.
836 2469 963 2555 *Djani,
987 2472 1041 2534 oui
1063 2468 1242 2553 respondet
1257 2467 1422 2532 Graecum
1481 2486 1484 2492 ·

253 2575 322 2638 Ζάν
346 2579 401 2640 vel
428 2573 505 2658 Ζήν.
550 2578 660 2641 Radix
682 2598 771 2660 vero,
794 2578 883 2641 unde
903 2577 1145 2641 descenderunt
1159 2577 1302 2661 nomina,
1326 2573 1423 2638 Indo-

251 2685 441 2766 germanica
476 2689 526 2748 est
560 2685 625 2747 div
643 2685 712 2748 ‘vel
747 2685 826 2767 dju,
866 2687 902 2747 in
936 2702 1000 2766 qua
1032 2684 1120 2746 inest
1154 2681 1288 2745 lucendi
1321 2683 1422 2745 notio.

241 2789 384 2876 Nemini
412 2792 595 2856 masculino
627 2788 790 2854 *Div-au-
818 2792 930 2855 addita
958 2771 1233 2854 determinatione
1262 2787 1424 2851 feminina

242 2916 283 2969 ea
306 2897 388 2985 deae
413 2898 679 2980 antiquissimum
701 2917 823 2962 nomen
847 2895 995 2961 *Divana
1010 2900 1124 2960 natum
1141 2900 1202 2977 est,
1226 2895 1312 2977 quod
1333 2895 1422 2958 idem

251 3004 420 3087 significat
458 3024 496 3068 ao
529 3004 768 3068 Germanorum
808 3004 947 3067 Berhta:
987 3005 1041 3067 die
1075 3002 1264 3066 Erlauchte.
1320 3002 1421 3085 Apud

248 3110 360 3174 ltalos-
373 3113 517 3176 nominis
540 3111 654 3175 littera
674 3131 695 3172 v
719 3113 863 3196 evanuit,
886 3111 1017 3192 reliqua
1036 3111 1128 3173 vocis
1146 3109 1312 3173 elementa
1327 3127 1423 3172 accu-

248 3221 319 3281 rate
350 3222 482 3282 servata
511 3222 595 3299 eunt,
628 3217 812 3281 masculina
847 3216 959 3281 autem
986 3212 1105 3280 *Dioni
1139 3216 1245 3278 forma
1278 3216 1419 3298 primam

249 3343 378 3406 quoque
402 3326 548 3388 litteram
572 3325 691 3388 emisit.

338 3429 402 3495 Sed
426 3450 468 3495 ne
492 3430 630 3496 italicae
646 3436 775 3495 tantum
791 3432 925 3514 linguae
941 3448 1063 3493 nomen
1079 3432 1113 3492 et
1128 3429 1224 3491 deam
1240 3424 1421 3490 *Divanam

248 3539 429 3621 propriam.
453 3539 556 3602 fuisse
591 3539 775 3622 putaveris:
815 3539 917 3601 etiam
936 3517 987 3600 ‘in
1021 3535 1149 3599 Graeca
1182 3537 1298 3618 lingua
1332 3535 1421 3598 idem

248 3647 433 3727 reperimus
457 3644 539 3708 deae
562 3664 692 3726 nomen,
721 3663 820 3726 quam
849 3662 919 3707 rem
950 3644 1013 3706 etsi
1042 3643 1153 3725 magni
1177 3643 1336 3705 momenti
1360 3646 1420 3720 est,

233 3751 432 3833 mythologi
455 3751 527 3814 fere
551 3770 664 3814 omnes
689 3750 796 3814 adhuc
819 3750 1052 3840 neglexerunt.
1094 3749 1141 3812 At
1162 3749 1333 3831 philologi,
1362 3751 1420 3829 qui

254 3858 511 3938 comparativam
551 3861 695 3921 tractant
736 3858 1000 3940 grammaticam,
1049 3854 1249 3919 Graecorum
1286 3849 1423 3934 Διώνην

146 4038 149 4044 ,
251 3962 435 4025 secundnm
465 3964 652 4027 litterarum
687 3966 936 4046 congruentiam
967 3965 1066 4046 plane
1100 3961 1239 4025 eandem
1274 3978 1348 4024 esse
1381 3976 1420 4021 ac

249 4067 472 4138 Romanorum
487 4067 628 4134 Dianam
650 4072 721 4151 iam¹
734 4074 921 4134 statuerunt
932 4066 964 4148 2).
1011 4068 1147 4132 Iunonis
1164 4073 1274 4131 autem
1290 4079 1420 4146 nomen,
1496 4102 1499 4107 >

323 4260 343 4329 ²)
363 4261 398 4317 cf.
417 4263 560 4332 Benfey,
579 4263 677 4319 Orient
694 4264 752 4319 und
771 4263 915 4329 Occident,
932 4264 954 4329 l,
973 4281 1000 4332 p.
1019 4261 1079 4318 280.
1186 4333 1191 4340 ι

322 4350 342 4419 ²)
363 4353 397 4408 el.
424 4352 658 4420 Foerstemnn,
686 4353 816 4408 Zeitechr.
840 4352 861 4407 f.
883 4353 971 4421 vergl.
996 4351 1264 4422 Sprachforsehung,
1290 4352 1358 4405 tom.
1378 4350 1420 4415 17,

248 4459 277 4511 p.
295 4440 356 4507 362,
380 4441 520 4510 Benfey,
546 4441 644 4497 Orient
667 4460 695 4498 u.
713 4441 785 4509 Oen,
810 4442 831 4508 I,
854 4439 966 4511 pito:
994 4434 1101 4511 ‘Vollig
1120 4439 1421 4497 formatiomidentieoh

244 4531 300 4585 mit
317 4530 408 4605 Diana
425 4532 462 4587 iet
479 4527 583 4597 Διώνη,
603 4532 648 4585 die
667 4531 787 4586 Toohter
805 4531 853 4586 des
873 4531 980 4586 Uranns
997 4531 1055 4584 und
1073 4531 1122 4584 der
1140 4526 1217 4584 θῦν.)
