3367 5192
844 259 887 338 os

278 485 374 549 deam
405 485 532 548 Dianae
561 485 692 568 priscae
725 484 865 547 formam
892 484 1064 566 praebere.
1113 481 1218 547 Recte
1252 485 1341 546 enim
1380 484 1476 564 dea,

278 609 363 672 quae
395 595 471 654 ante
499 607 612 653 omnes
636 589 771 653 deorum
795 589 1006 672 genealogias
1029 589 1149 671 fuerat,
1181 587 1291 652 Mater
1316 588 1453 652 deorum

279 696 438 780 appellari
465 696 581 776 potuit,
615 695 709 756 cuius
741 713 760 758 c
788 698 907 757 natura
934 693 1121 757 declinatae
1150 694 1336 776 complures
1369 693 1452 757 deae

277 803 443 884 propriam
466 800 659 863 'induerunt
697 799 846 862 formam.
906 797 1113 882 Quamquam
1147 801 1254 882 'igitur
1288 802 1324 863 in
1360 800 1452 864 cultu
1547 819 1555 830 ·
1654 784 1655 791 ί

276 907 411 992 publico
443 903 611 969 interdum
641 905 831 970 nominibus
864 905 947 969 deae
971 905 1244 969 discernebantur
1265 910 1453 988 poetaeque

278 1013 426 1095 singulas
465 1013 626 1092 cuiusque
664 1011 779 1075 laudes
819 1012 1070 1094 excogitabant,
1113 1017 1223 1075 tamen
1261 1012 1340 1075 deas
1377 1011 1449 1074 fere

279 1136 392 1181 omnes
426 1117 584 1180 adhunc
606 1115 748 1180 Matrem
775 1117 968 1181 referendas
992 1135 1067 1182 esse
1091 1136 1220 1198 censeo,
1251 1118 1306 1180 cui
1328 1118 1364 1180 in
1386 1118 1453 1199 pri·

277 1230 353 1288 vato
381 1223 473 1287 cultu
503 1225 645 1306 primam
675 1241 807 1306 semper
837 1223 1038 1286 tribuebant.
1083 1222 1257 1286 Interdum
1286 1241 1364 1286 vero
1396 1222 1453 1284 vel

278 1331 314 1394 in
336 1329 469 1412 publico
500 1329 593 1392 cultu
622 1327 709 1390 hanc
737 1327 883 1410 priscam
905 1331 1056 1391 naturam
1080 1329 1226 1391 servavit
1249 1327 1312 1390 dea
1334 1329 1450 1390 civita·

276 1442 395 1517 tesqua
418 1436 454 1497 in
478 1434 627 1498 eiusdem
649 1434 783 1516 templis
806 1434 900 1516 leges
923 1433 1132 1517 deponebant
1155 1438 1188 1497 et
1211 1438 1285 1496 acta
1306 1433 1453 1516 publica,

279 1540 436 1623 quodibi
458 1545 593 1623 propter
615 1541 806 1602 universam
828 1541 927 1602 huius
950 1539 1034 1603 deae
1056 1540 1256 1623 religionem
1286 1540 1453 1602 tutissima

279 1647 339 1709 illa
373 1646 444 1709 fore
479 1645 665 1728 sperabant.
719 1644 849 1708 Deinde
877 1664 966 1727 vero,
1003 1664 1079 1709 oum
1107 1645 1242 1709 urbium
1269 1643 1453 1708 custodiam

280 1751 402 1815 habere
426 1755 605 1833 putaretur,
630 1751 845 1814 consiliorum
868 1751 1052 1842 sollertiam
1077 1755 1110 1814 et
1132 1751 1343 1834 prudentiam
1359 1767 1453 1832 prae·

278 1858 359 1922 bere
390 1855 531 1919 Dianam
564 1855 749 1919 credebant.
803 1855 858 1920 Sic
889 1856 1058 1921 Hesiodus
1087 1853 1249 1920 Hecatam
1283 1855 1453 1940 praedicat

280 1963 410 2046 (Theog.
434 1982 463 2025 v.
486 1963 552 2025 429
576 1961 650 2044 aq.):

432 2053 460 2150 ᾧ
482 2061 510 2128 d’
526 2061 632 2130 ἐθέλει
653 2060 798 2147 μεγάλως
820 2066 1048 2148 παραγίγνεται
1068 2061 1119 2149 ἠδ’
1143 2062 1299 2148 ὀνίνησιν·

432 2163 469 2230 ἔν
489 2163 515 2230 τ’
538 2163 642 2253 ἀγορῇ
663 2171 767 2232 ίαοῑσι
787 2164 985 2250 μεταπρέπει,
1009 2164 1050 2232 ὅν
1070 2164 1097 2232 κ’
1121 2164 1276 2254 ἐθέλῃσιν.

280 2278 367 2338 etv.
390 2275 468 2336 434:

432 2373 468 2439 ἕν
489 2397 522 2439 τε
545 2377 618 2462 δίκῃ
640 2377 802 2458 βασιλεῦσι
823 2373 896 2462 παρ’
919 2369 1069 2443 αἰδοίοισι
1091 2380 1223 2456 καθίζει.

279 2481 396 2564 Neque
419 2481 546 2544 Dianae
569 2483 668 2546 huius
691 2483 825 2546 virtutis
848 2485 1042 2547 testimonia
1063 2484 1192 2547 desunt.
1237 2483 1453 2566 Agoraeae

281 2589 370 2650 enim
403 2585 578 2670 Olympiae
617 2606 799 2670 cognomen
833 2587 961 2652 Dianae
996 2587 1106 2671 erat¹),
1143 2589 1231 2653 unde
1265 2589 1349 2652 deae
1382 2589 1453 2650 vim

280 2695 381 2766 etiam
410 2692 450 2755 ad
479 2695 708 2756 contionantes
737 2694 906 2776 pertinere
929 2700 1076 2777 apparet.
1121 2695 1240 2776 Aeque
1269 2695 1453 2775 antiquitus

278 2798 405 2861 Dianae
443 2798 605 2862 sollemne
639 2817 821 2880 cognomen
860 2804 930 2862 orat
967 2799 1252 2882 Aristobulae,
1291 2797 1326 2862 id
1362 2799 1452 2880 quod

279 2904 316 2968 Ε.
351 2899 513 2983 Curtius²)
541 2901 703 2986 probavit,
738 2924 837 2986 quarn
865 2904 962 2968 deam
992 2925 1060 2968 non
1088 2906 1195 2969 solum
1225 2906 1452 2970 Athenienses

281 3011 341 3074 sed
372 3012 474 3072 etiam
500 3007 623 3072 Rhodii
652 3011 813 3073 colebant.
859 3010 961 3073 Illum
990 3011 1125 3092 quidem
1154 3013 1281 3074 cultum
1304 3013 1451 3076 'Athenis

280 3115 520 3178 Themistocles
543 3116 729 3178 instituisse
749 3112 901 3197 fertur³):
926 3135 1001 3179 cum
1023 3135 1103 3180 vero
1126 3119 1323 3199 religionem
1344 3118 1454 3200 publi·
1484 3100 1486 3103 ⁵

281 3239 354 3284 cam
389 3238 511 3282 novare
545 3221 693 3302 potuisse
724 3220 981 3284 Themistoclem
1014 3240 1144 3304 negem,
1177 3220 1453 3302 Wachsmuthii4)

281 3326 481 3390 sententiam
511 3326 725 3408 comprobans
749 3329 1019 3408 antiquissimum
1042 3328 1130 3390 hunc
1153 3328 1280 3392 cultum
1302 3330 1452 3410 habeam,

279 3450 380 3514 quem
402 3430 649 3513 Themistocles,
679 3450 755 3495 cum
781 3433 840 3495 ille
867 3433 966 3516 plane
995 3433 1163 3497 oblivione
1190 3453 1319 3498 mersus
1353 3439 1451 3513 esset,

279 3539 435 3618 restituit,
473 3537 544 3599 sive
579 3539 681 3600 etiam
719 3557 737 3600 e
775 3541 905 3621 privato
939 3539 1111 3621 publicum
1142 3539 1295 3604 reddidit.
1352 3539 1451 3602 Hunc

281 3648 455 3726 praeterea
481 3641 609 3706 Dianae
638 3644 764 3706 cultum
791 3646 1026 3727 inscriptiones
1056 3645 1141 3708 duae
1168 3641 1333 3722 Atticae⁵l
1366 3664 1453 3708 com-

282 3748 431 3832 probant,
455 3768 539 3830 quae
562 3748 705 3811 Dianam
728 3748 895 3811 Βουλαίαν
916 3752 1096 3813 nominant.

355 3965 375 4034 ¹)
393 3967 424 4020 P.
443 3967 476 4032 V,
497 3967 542 4031 15,
565 3967 591 4019 4.
627 3967 778 4020 Mercurius
800 3967 942 4037 Agoraeus
964 3970 1062 4023 eadem
1085 3969 1120 4022 de
1143 3985 1225 4022 cansa
1246 3967 1287 4022 sic
1310 3969 1453 4038 cognomi·

280 4058 374 4109 natus:
393 4055 534 4123 Aristoph.
553 4053 622 4121 Equ.
640 4072 666 4108 v.
684 4053 745 4109 297.
782 4055 888 4125 Iupiter
905 4057 1059 4126 Agoraeus:
1078 4056 1146 4111 ibid.
1165 4074 1192 4111 r.
1211 4055 1270 4112 500.

354 4140 375 4209 ²)
394 4142 519 4196 Attische
537 4141 661 4220 Studien,
680 4143 701 4209 Ι,
721 4161 749 4212 p.
769 4143 810 4209 10,
829 4146 887 4198 not.
908 4145 931 4198 1.

356 4229 377 4296 ³)
397 4231 469 4284 Plut.
489 4232 584 4284 Them.
605 4249 626 4285 c.
646 4231 689 4285 22.

353 4315 377 4384 ⁴)
397 4319 448 4374 Die
467 4320 547 4374 Stadt
565 4320 666 4387 Athen,
686 4338 713 4388 p.
732 4321 792 4375 439.
841 4321 849 4335 '

354 4405 375 4473 5)
394 4408 422 4462 Ο,
441 4408 462 4460 l.
482 4407 513 4461 G.
534 4408 584 4461 112
603 4411 632 4462 ot
652 4409 710 4462 113.
