3367 5192
709 356 921 450 „³2-

227 558 393 646 παρθένος
416 558 519 644 ἀδμής
542 565 630 630 dicta
654 567 698 629 sit
712 564 885 647 Nausicaa,
910 582 996 646 quae
1018 583 1094 627 cum
1109 564 1217 626 Diana
1239 562 1288 625 ibi
1312 580 1400 625 com·

228 676 372 753 paratur.
427 668 490 732 Sed
519 670 663 734 feminae
693 689 832 752 quoque,
869 687 954 752 qnae
987 671 1054 732 iam
1085 668 1206 731 dudum
1242 668 1399 749 coniuges

228 783 267 842 et
289 780 411 840 matres
435 775 705 858 perhibebantur,
730 795 806 840 cum
820 775 927 839 Diana
943 776 983 840 ab
1000 775 1144 840 Homero
1161 779 1399 856 comparantur,

230 902 352 966 nempe
382 882 513 946 Helena
542 881 573 962 (d
602 881 678 963 112)
707 888 740 946 et
769 881 939 964 Penelope
974 884 1005 961 (o
1034 882 1100 964 37).
1163 885 1262 962 taque
1290 880 1400 961 quiris

229 988 334 1052 facile
350 988 533 1072 intelleget,
557 1008 655 1070 quam
675 988 759 1051 falso
777 986 990 1051 Gladstonins
1005 986 1237 1068 (Homerische
1251 985 1400 1063 Studien,

235 1094 375 1158 deutsch
397 1094 583 1158 bearbeitet
604 1114 669 1156 von
685 1093 844 1158 Schuster
867 1114 897 1176 p.
925 1095 986 1156 168
1010 1093 1072 1174 sq.)
1095 1092 1301 1173 iudicaverit,
1325 1109 1402 1154 oum

228 1201 357 1264 dixerit
388 1201 423 1262 in
446 1200 552 1263 Diana
580 1200 676 1281 quasi
706 1201 893 1263 sanctitatis
924 1203 958 1262 et
987 1199 1150 1262 castitatis
1177 1197 1288 1261 ideam
1315 1196 1402 1280 apud

233 1305 415 1369 Homerum
437 1307 690 1389 repraesentari.

322 1412 479 1474 Attamen
502 1413 536 1475 in
561 1413 693 1492 hymnis
715 1409 905 1474 Homericis
936 1411 996 1474 has
1013 1403 1174 1493 ‘virginis'
1199 1409 1314 1473 landes
1336 1410 1404 1471 iam

233 1519 438 1599 invenimus,
462 1517 501 1580 cf.
525 1518 637 1596 hymn.
660 1518 695 1580 in
717 1515 812 1579 Dian.
835 1516 879 1597 X,
902 1517 940 1578 2:
974 1509 1139 1592 rachium
1161 1512 1298 1596 αἰδοίην,
1320 1511 1404 1576 XVI

234 1644 265 1686 v.
290 1625 324 1686 2:
348 1617 513 1700 παρθένον
540 1617 711 1704 ἰοχέαιραν,
735 1623 765 1684 h.
788 1624 822 1685 in
847 1623 930 1686 Von.
954 1621 1025 1703 (IV)
1050 1623 1104 1684 16:
1133 1613 1211 1682 οὐδὲ
1236 1612 1305 1681 ποτ’
1330 1611 1403 1698 Ἀρ·
1424 1639 1427 1645 ·

230 1722 345 1809 abacta
365 1719 609 1808 χρυσηλάκατον
629 1725 814 1808 κελαδεινὴν
837 1721 993 1807 δάμναται
1015 1721 1050 1788 ἐν
1072 1719 1217 1806 φιλότητι
1243 1724 1405 1803 φιλομμει-

231 1825 295 1913 δὴς
314 1825 497 1910 Ἀφροδίτη.
544 1828 597 1891 Hx
627 1830 685 1892 illo
713 1831 816 1912 igitur
845 1834 920 1912 post
947 1828 1130 1893 Homerum
1152 1832 1310 1909 tempore,
1342 1843 1405 1906 qno

238 1936 354 2016 hymni
385 1934 673 2017 componebantur,
701 1935 817 1999 laudes
847 1937 987 2019 virginis
1012 1935 1138 2000 Dianae
1170 1937 1305 2015 coeptae
1330 1936 1406 1995 sunt

231 2041 451 2123 ¹frequentari.

324 2145 365 2210 In
400 2148 582 2229 appendice
619 2148 718 2211 huius
758 2150 876 2231 capitis
912 2148 953 2212 de
985 2147 1125 2211 Hesiodi
1160 2163 1289 2227 quoque
1323 2145 1406 2224 loco,

233 2272 337 2334 auem
361 2273 460 2337 saepe
475 2253 693 2336 laudabimus,
718 2256 919 2319 sententiam
934 2258 1079 2318 nostram
1095 2271 1277 2337 proponere
1298 2251 1407 2313 liceat.

237 2359 363 2422 Versus
387 2360 562 2421 411-452
586 2358 794 2441 Theogoniae
819 2361 979 2440 hymnum
993 2361 1030 2422 in
1044 2358 1207 2422 Hecatam
1222 2356 1407 2420 continent:

234 2467 296 2546 qui
331 2483 405 2527 cum
439 2465 479 2527 ab
514 2466 603 2526 omni
636 2465 734 2528 huius
770 2466 928 2528 carminis
960 2466 1089 2528 ratione
1123 2464 1308 2541 abhorreat,
1342 2462 1409 2524 viri

240 2571 328 2634 docti
352 2569 392 2632 de
415 2570 486 2633 illis
510 2569 662 2633 versibus
685 2571 752 2632 iam
776 2571 881 2633 multa
906 2571 1119 2634 coniecerunt
1147 2574 1246 2651 atque
1275 2568 1410 2631 adnota-

237 2681 360 2740 nerunt
369 2673 402 2756 ¹).
461 2675 566 2740 Recte
600 2675 847 2740 Schoemannus
881 2678 917 2740 in
951 2679 1169 2740 summatione
1205 2676 1245 2739 de
1280 2674 1409 2738 Hecate

237 2781 408 2848 Hesiodea
430 2781 601 2844 fatendum
625 2800 698 2845 esse
723 2778 804 2846 dicit
828 2782 898 2864 (1.1.
921 2804 952 2865 p.
967 2782 1046 2864 249)
1064 2777 1163 2846 ‘hanc
1177 2783 1409 2867 theogonicam

237 2888 391 2956 Hecaten
419 2886 460 2951 ab
489 2888 650 2968 omnibus,
686 2906 770 2969 quae
808 2889 942 2952 aliunde
975 2889 1072 2953 nobis
1106 2890 1162 2952 vel
1196 2889 1238 2953 de
1266 2889 1410 2971 publicis

238 2993 458 3076 religionibus
481 2994 536 3056 vel
559 2993 599 3056 de
623 2995 791 3074 mysteriis
816 2995 916 3058 huius
939 2994 1022 3058 deae
1044 2996 1268 3077 innotuerunt,
1296 2995 1410 3058 multis

237 3098 347 3165 modis
376 3100 564 3182 discrepare
595 3104 628 3162 et
653 3101 852 3183 theogoniae
875 3101 975 3183 plane
997 3103 1162 3184 propriam
1187 3119 1261 3164 esse
1284 3095 1411 3164 vidori'.
1530 3114 1532 3119 ·

236 3205 307 3268 Sed
330 3206 467 3268 eaedem
490 3207 640 3287 virtutes,
670 3225 753 3287 quae
782 3207 831 3269 ibi
860 3209 895 3269 in
917 3207 1047 3270 Heoata
1070 3207 1253 3288 laudantur,
1283 3205 1410 3270 Dianae

237 3313 393 3398 propriae
433 3311 589 3375 videntur
628 3314 878 3393 antiquissimae
924 3333 1011 3394 esse,
1062 3315 1176 3395 quales
1217 3312 1305 3375 infra
1347 3313 1410 3375 sin-

236 3418 331 3499 gulis
360 3418 443 3480 locis
471 3417 722 3500 explicabimus
774 3417 895 3500 Itaque
925 3419 1128 3501 primitivam
1159 3420 1413 3483 similitudinem

244 3525 381 3588 dearum
418 3524 555 3606 probem
594 3530 627 3586 et
664 3527 885 3607 posteriorum
920 3525 1226 3588 dissimilitudinem
1259 3527 1413 3609 primitus

238 3629 323 3692 deas
350 3631 467 3693 iisdem
496 3629 669 3693 beneficiis
698 3631 878 3694 instructas
905 3633 1066 3714 paulatim
1095 3630 1243 3694 diversas
1274 3634 1413 3694 virtutes

240 3753 324 3816 prae
353 3753 388 3798 se
418 3735 563 3798 ferentes
596 3737 741 3799 evasisse
772 3737 959 3801 arbitratus.
1003 3737 1069 3802 Vel
1099 3737 1186 3821 apud
1208 3737 1414 3816 Aeschylum

243 3839 353 3904 dliana
389 3842 461 3923 ipsa
493 3834 635 3924 Ἑκάτης
673 3861 856 3924 cognomen
897 3843 1035 3908 exhibet
1045 3839 1079 3926 ²).
1144 3845 1240 3907 Alias
1279 3842 1414 3905 dearum

240 3946 437 4027 relationes,
458 3949 576 4028 quibus
600 3947 739 4012 Dianam
763 3955 797 4012 et
821 3949 985 4013 Hecatam
1007 3969 1108 4013 unam
1132 3950 1295 4031 quondam
1318 3949 1415 4012 deam

321 4224 342 4292 ¹)
361 4226 410 4280 Ed.
434 4226 597 4294 Gerhard‚
621 4229 750 4284 Zeitschr.
768 4229 788 4283 f.
808 4228 1048 4294 Altherthumsw.,
1071 4230 1110 4294 X,
1135 4228 1215 4296 1852,
1239 4249 1267 4300 p.
1285 4229 1417 4296 97-111,

241 4313 473 4380 Schoemann,
493 4315 545 4384 Op.
563 4317 612 4372 Aa.
631 4317 666 4382 11,
684 4336 712 4387 p.
731 4316 881 4372 als-249.

315 4400 343 4470 2)
361 4403 484 4472 Supplio.
507 4404 571 4458 676:
591 4399 714 4472 ”aonam
731 4397 761 4454 ,δ’
779 4399 896 4457 Ἑκάταν
918 4407 1055 4473 γνναιιιιόν
1076 4404 1172 4472 λόχους
1197 4401 1346 4474 ἐφορεύειν.
1382 4407 1418 4463 cf.

244 4492 474 4558 rSchoemann,
489 4492 512 4546 .l.
531 4493 549 4546 l.
565 4511 596 4566 p.
614 4492 674 4548 237.

1170 4601 1208 4655 3*
