3367 5192
212 564 398 628 naturalem
428 565 538 647 potius
568 567 777 648 agnoscimus
801 567 911 648 deam,
942 586 1041 649 quam
1064 568 1152 632 infra
1173 567 1382 651 definiemus,

210 689 276 734 non
307 671 466 736 lunarem.
511 672 590 735 Alia
618 691 695 736 vero
725 676 920 758 cognomina
949 675 1034 738 hanc
1063 674 1209 738 indolem
1229 674 1378 741 Hecatae

212 776 292 840 satis
315 777 476 856 indicant,
504 769 891 862 volutiaoatpmapa1)
921 775 1144 861 pocpdpocl),
1175 780 1261 861 quod
1287 781 1378 846 idom

211 882 252 946 ad
267 881 394 946 Dianae
409 899 530 948 nornen
546 879 761 966 apponitur3),
784 880 1016 967 vvartadtoc⁴).

298 981 486 1053 Praeterea
512 988 640 1052 Dianae
681 990 932 1070 antiquissimae
969 991 1120 1056 lunarem
1156 996 1309 1056 naturam
1342 994 1378 1056 in

210 1097 420 1160 heminarum
477 1098 626 1180 personis
680 1096 827 1178 reperire
876 1113 1058 1177 possumus
1118 1098 1383 1180 Agamemnonis.

209 1201 291 1284 fiha,
329 1201 524 1285 iphigeniae
560 1221 652 1266 soror
687 1199 936 1288 Chrysothemis
946 1196 971 1279 ⁵)
1017 1207 1082 1283 est,
1125 1205 1220 1266 cuius
1256 1222 1382 1270 nomen.

210 1326 228 1370 e
271 1319 391 1386 χρυσο-
441 1313 475 1373 et
523 1311 616 1386 θεμις
665 1309 882 1389 compositum
931 1311 989 1370 est.
1064 1306 1258 1374 Themidem
1299 1328 1387 1372 vero.

211 1414 461 1494 antiquissimae
514 1414 642 1477 Dianae
695 1414 842 1495 speciem
896 1413 1000 1476 fuisse
1048 1413 1136 1478 infra
1192 1397 1383 1497 errplicabo.¹

212 1518 294 1581 (lum
331 1533 410 1584 roro
446 1519 724 1600 Chrysothemis
766 1517 963 1601 Iphigeniae
1000 1520 1022 1582 i.
1057 1539 1084 1584 e.
1118 1518 1259 1606 Dianae.
1286 1539 1388 1584 soror·

211 1624 379 1707 appellata
401 1627 458 1707 sit,
486 1643 530 1688 ne
553 1644 573 1688 a
593 1619 749 1705 Ghryse⁶)
775 1624 910 1706 quidem
932 1625 992 1688 illa
1014 1625 1078 1688 dea
1100 1627 1226 1690 lunaris
1245 1626 1388 1700 diversa,

211 1748 284 1794 esse
306 1736 424 1813 potest,
449 1736 482 1794 et
497 1731 579 1794 haec
596 1748 726 1812 quoque
744 1729 880 1812 Chryse,
908 1749 1006 1812 quarn
1028 1732 1128 1814 vulgo
1150 1733 1388 1803 Athenienses.

209 1833 380 1902 Minervae
395 1835 535 1902 formam
552 1855 625 1901 esse
641 1833 827 1916 voluerunt,
845 1835 972 1901 Dianae
987 1856 1067 1920 prae
1082 1857 1119 1900 se
1135 1837 1200 1901 fert
1214 1843 1375 1920 naturam,

209 1944 243 2008 id
267 1943 353 2025 quod
375 1945 480 2026 primo
503 1938 805 2024 Wachsmuthius⁷)
829 1944 990 2025 probavit.
1036 1942 1143 2008 Diana
1164 1946 1237 2027 ipsa
1259 1937 1389 2023 χρυσέα-

209 2044 349 2130 θύγατερ
372 2045 451 2122 Διός
473 2051 644 2113 invocatur
669 2068 688 2110 a
711 2047 885 2131 Sophocle,
908 2047 988 2112 Ocd.
1010 2049 1048 2112 R
1071 2070 1100 2111 v.
1119 2051 1190 2114 187.

297 2155 415 2219 Altera
438 2155 557 2220 deindo
580 2156 636 2218 vel
658 2156 768 2236 tertia,
792 2155 822 2217 si
836 2152 1048 2238 Iphigeniam
1066 2155 1176 2234 addas,
1199 2157 1389 2238 Agamem.

208 2261 304 2324 nonis
328 2261 398 2326 filie
422 2262 560 2326 eandem
582 2261 706 2324 lunaris
724 2261 806 2324 deae
822 2265 974 2325 naturam
989 2263 1123 2325 nomine
1138 2263 1210 2344 ipso
1226 2259 1374 2340 exhibet,

182 2353 184 2356 ⁵
208 2385 327 2452 nempe
355 2367 542 2444 Electra,
576 2385 659 2448 quae
694 2371 745 2432 est
772 2358 915 2447 ‘lucida',
944 2385 1085 2448 quacum
1115 2367 1264 2430 conferre
1296 2367 1390 2434 licet:

208 2474 450 2555 Electryonem,
487 2473 691 2538 Rhodiorum
727 2474 879 2536 lunarem
917 2472 1021 2536 deam.
1080 2471 1204 2536 Eodem
1241 2473 1375 2550 nomine

207 2579 341 2644 Electra
351 2577 524 2642 Pleiadum
536 2598 602 2642 una
618 2573 910 2660 significabatur⁸),
934 2597 953 2642 e
970 2597 1035 2659 qua
1046 2576 1174 2661 Iupiter
1185 2577 1375 2643 Dardanum

208 2687 363 2769 genuisse
386 2686 500 2750 fertur.
545 2685 686 2769 Propter
708 2685 743 2748 id
766 2686 876 2768 ipsum
899 2683 940 2746 ad
964 2685 1230 2765 antiquissimum
1247 2683 1389 2747 Dianae,

206 2811 330 2856 numen
351 2791 559 2856 referendam
583 2805 655 2856 eam
686 2809 759 2854 esse
784 2796 928 2873 apparet.

295 2896 420 2961 Eadem
452 2900 551 2976 notio,
585 2916 669 2979 quae
702 2899 737 2959 in
770 2895 924 2960 Electrae
956 2897 1089 2959 nomine
1121 2901 1155 2959 et
1183 2901 1308 2977 natura,
1338 2898 1387 2961 iu..

207 3005 379 3066 notissima
401 3004 461 3067 illa
476 3003 632 3066 Helena
654 3004 746 3084 latet,
771 3021 834 3084 quo
858 3004 991 3066 nomine
1014 3003 1112 3067 lunae
1135 3004 1207 3066 sive
1221 3003 1374 3066 nocturni

208 3110 294 3172 oacli
317 3109 471 3192 splendor
495 3114 584 3172 certe
608 3105 783 3188 notaturi).
829 3108 978 3172 Eandem
1001 3109 1104 3190 igitur
1127 3127 1200 3172 esse
1222 3108 1390 3174 Helenae.

207 3221 357 3278 naturam
379 3215 598 3297 principalem
622 3233 660 3278 ac
684 3213 812 3277 Dianae
834 3215 901 3276 iam
918 3212 1106 3276 Boeckhius
1122 3213 1262 3296 (Explic.
1278 3214 1373 3278 Pind.

207 3341 236 3404 p.
263 3320 338 3400 164)
360 3326 452 3386 recte
475 3322 609 3385 monuit.
655 3320 705 3384 Ec
729 3322 818 3384 enim
838 3319 991 3383 Nemesis
1014 3319 1093 3401 filia,
1116 3339 1182 3382 non
1203 3319 1314 3384 Ledae
1337 3323 1388 3396 in,

281 3527 302 3596 ¹)
323 3530 464 3599 Hesyoh
483 3549 503 3584 s.
522 3531 550 3584 h.
568 3549 594 3584 v.

280 3604 718 3684 umfflxmem
1020 3662 1023 3667 ,

278 3703 301 3772 ³)
320 3705 427 3760 callim.
440 3708 468 3760 h.
480 3707 511 3761 in
523 3707 554 3759 D.
566 3725 592 3760 v.
605 3706 665 3770 204,
685 3707 719 3760 cf.
734 3707 775 3768 ll,
795 3706 824 3760 P.
838 3706 885 3771 IV,
899 3706 942 3770 31,
957 3706 998 3770 10,
1017 3702 1193 3772 σελασφόροςε
1214 3706 1244 3758 Ρ.
1257 3706 1278 3772 Ι,
1291 3708 1333 3772 31,
1346 3709 1388 3773 4„

278 3791 702 3863 emmmmmm

279 3879 600 3951 nmimm

278 3967 300 4036 ⁶)
319 3968 417 4024 Lemni
429 3971 504 4025 culta
516 3973 565 4026 est.
594 3969 624 4024 O.
637 3969 807 4024 Muellero
821 3970 906 4038 plane
918 3968 1060 4036 assentior,
1073 3969 1121 4036 qui
1134 3970 1202 4022 haec
1214 3968 1259 4036 (de
1273 3969 1336 4024 Dor.
1349 3969 1371 4034 l,
1386 4031 1388 4036 Ι

205 4075 233 4127 p.
255 4057 335 4123 388):
358 4053 607 4114 ‘Wahrscheinlich
631 4074 689 4112 wer
715 4059 789 4111 diese
812 4057 924 4125 Chryse,
948 4058 994 4110 die
1017 4059 1088 4112 auch
1112 4058 1222 4112 Athena
1244 4061 1371 4125 genennt

205 4147 282 4210 wind,
302 4165 354 4200 nur
371 4148 434 4201 eine
451 4149 554 4201 andere
573 4147 655 4200 Eorm
678 4147 754 4200 ihrer
772 4145 925 4199 Schwester
942 4144 1104 4213 Iphigenia
1126 4162 1173 4198 zur
1191 4145 1371 4214 Auilrlttrung

205 4235 253 4290 des
271 4234 395 4290 Namens
417 4235 488 4304 liogt
511 4237 560 4290 der
578 4235 664 4289 Mond
689 4251 734 4288 am
754 4227 908 4297 ntohsten'5
934 4232 968 4286 cf.
986 4231 1069 4301 Soph.
1088 4231 1155 4288 Oed.
1178 4233 1240 4301 Tyr.
1262 4252 1288 4290 v.
1310 4233 1386 4301 187.=

278 4321 298 4390 ⁷)
314 4323 369 4378 Die
387 4323 467 4378 Stadt
486 4324 579 4379 Athen
596 4323 636 4378 im
656 4321 775 4378 Altorth.
795 4320 816 4386 Ι,
836 4339 863 4390 p.
882 4321 935 4374 424
952 4336 992 4386 sq.

278 4409 299 4477 8)
319 4411 471 4477 Preller,
491 4411 580 4480 Myth.
599 4410 645 4466 Gr.
664 4409 686 4475 I,
704 4428 732 4478 p.
751 4409 810 4463 383.

278 4497 298 4566 ⁹)
318 4500 350 4556 G.
369 4499 527 4566 Curtius,
547 4500 665 4554 Grande.
684 4499 733 4552 dor
752 4514 793 4566 gr.
813 4497 933 4566 Etymol.
952 4515 979 4566 p.
999 4496 1059 4552 541.
