3367 5192
755 367 921 475 .-6.

238 619 241 625 ·
315 624 327 682 ,-
368 592 450 657 Cum
474 593 629 676 gentibus
648 593 876 674 orientalibus,
901 611 987 673 quae
1006 593 1072 654 iam
1090 590 1321 672 antiquissima
1338 593 1446 652 aetate

277 699 337 771 sub
372 718 490 783 regum
525 697 852 783 opulentissimorum
887 700 1028 782 imperio
1063 701 1158 761 erant
1192 700 1226 759 et
1260 697 1446 788 litterarum

276 807 463 888 artiumque
487 807 606 870 studiis
630 805 802 888 florebant,
834 786 963 870 duabus
985 807 1051 868 riis
1073 801 1264 888 patentibus
1288 819 1449 865 commer-

277 905 366 976 cium
391 932 409 976 e
434 911 575 977 Graecia
597 913 669 977 fieri
691 915 798 996 potuit
811 910 846 994 ¹).
893 913 1010 987 Altera
1037 915 1169 994 practer
1192 909 1322 992 Aegaei
1349 910 1450 973 maris

277 1020 404 1082 insulas
440 1024 474 1083 et
510 1020 636 1102 Cariae,
670 1019 806 1102 Lyciae,
840 1017 1070 1103 Pamphyliae,
1106 1016 1246 1090 Ciliciae
1280 1017 1379 1081 litora
1415 1018 1478 1079 in.
1574 1052 1578 1057 ·

278 1124 408 1206 Syriam
438 1125 589 1209 ducebat,
620 1145 684 1208 qua
710 1126 947 1209 navigantibus
978 1125 1106 1209 Cyprus
1133 1125 1244 1187 insula
1273 1124 1449 1186 stationem

275 1233 466 1316 praestabat
494 1236 656 1298 munitam
684 1234 903 1316 omnibusque
932 1233 1049 1317 opibus
1076 1234 1282 1295 instructam.
1333 1231 1451 1293 Altera

276 1342 332 1402 via
368 1358 411 1403 ex
446 1341 698 1424 septentrionali
731 1340 834 1404 Asiae
874 1343 968 1422 parte
1009 1356 1070 1420 per
1102 1335 1245 1400 Pontum
1280 1335 1450 1398 Euxinum

277 1445 422 1530 patebat,
452 1466 516 1528 qua
540 1450 597 1530 qui
621 1446 852 1511 commeabant
874 1464 980 1527 usque
1002 1447 1039 1508 in
1061 1445 1255 1508 Armeniam
1279 1442 1449 1506 commode

277 1555 453 1636 pervenire
476 1557 640 1638 poterant.
686 1551 803 1635 Neque
833 1555 923 1616 euim
952 1553 989 1615 in
1011 1553 1186 1615 interiores
1209 1550 1313 1613 Asiae
1339 1554 1451 1632 partes

278 1679 338 1742 per
361 1660 488 1724 modias
511 1665 626 1738 terras,
655 1659 838 1743 Phrygiam
862 1658 1179 1742 Cappadociamque,
1208 1656 1317 1719 aditus
1340 1655 1451 1719 facilis

281 1772 360 1849 erat,
397 1788 472 1831 cum
506 1769 686 1851 longinqua
720 1766 893 1831 subeunda
921 1770 1032 1830 essent
1060 1784 1121 1849 per
1150 1765 1303 1847 regiones
1331 1764 1453 1845 partim
1564 1824 1568 1830 .

278 1880 388 1938 vastas
423 1876 544 1958 partim
569 1875 741 1938 saltuosas
771 1875 903 1937 itinera.
957 1872 1079 1936 Contra
1107 1875 1229 1934 nautae
1257 1889 1319 1953 per
1347 1870 1453 1932 maria

279 1979 517 2063 flumlnuche
546 1983 631 2045 ostia
659 1982 803 2065 navigiis
834 1982 904 2044 suis
932 1981 1034 2043 etiam
1067 1980 1103 2041 in
1130 1979 1318 2062 superiores
1333 1977 1450 2058 Asiae

270 2091 390 2170 ,partes
419 2092 593 2171 penetrare
621 2091 808 2171 potuerunt,
845 2087 939 2150 emus
967 2087 1018 2149 rei
1045 2085 1313 2168 Argonautarum
1340 2083 1454 2147 fabula

280 2195 441 2276 optimum
464 2194 603 2278 praebet
626 2199 865 2277 argumentum.
912 2192 1054 2256 Graecia
1081 2193 1163 2275 ipsa,
1193 2209 1277 2272 quae
1300 2191 1453 2274 plurimis

281 2302 383 2365 maris
414 2300 603 2365 incursibus
632 2303 727 2383 quasi
755 2300 937 2364 dilacerata
965 2305 1030 2380 est,
1048 2299 1278 2380 navigationis
1307 2298 1454 2361 exordiis

282 2410 490 2492 aptissimum
513 2408 696 2491 praebebat
718 2410 836 2473 locum.
888 2406 1006 2488 ltaque
1030 2406 1070 2469 ab
1094 2406 1162 2469 illis
1185 2405 1337 2487 Pelasgis
1362 2423 1454 2487 agro·

279 2518 354 2578 ru'm
378 2514 560 2579 cultoribus
583 2515 745 2597 paulatim
769 2516 801 2578 ei
825 2513 1033 2594 differebant,
1058 2514 1116 2594 qui
1138 2511 1325 2576 litoralibus
1347 2513 1455 2595 regio-

280 2623 379 2686 nibus
417 2623 586 2704 occupatis
625 2623 661 2685 in
700 2622 827 2684 insulas
861 2622 1030 2703 proximas
1064 2621 1207 2683 transire
1241 2619 1455 2702 incipiebant.

281 2730 404 2794 Eorum
435 2733 556 2809 autem,
584 2731 641 2809 qui
671 2747 744 2793 oras
768 2729 952 2818 maritimas
975 2728 1200 2811 planitiesque
1223 2727 1382 2790 finitimas
1405 2727 1456 2788 in-

282 2835 450 2917 colebant,
481 2853 653 2898 commune
681 2834 892 2897 Achaeorum
919 2852 1041 2896 nomen
1070 2833 1174 2896 fuisse
1204 2851 1333 2914 censeo,
1362 2833 1456 2895 cuius

282 2943 426 3006 nominis
450 2942 597 3004 radicem
620 2934 681 3020 άχα
703 2943 724 3003 i.
749 2959 775 3004 e.
800 2959 886 3022 aqua
907 2938 964 3004 vel
987 2941 1072 3003 ahva
1094 2940 1199 3003 fuisse
1219 2939 1320 3002 facile
1341 2957 1458 3022 agnos·

284 3068 359 3113 cere
383 3067 558 3131 possumus
569 3042 603 3128 ²).

375 3156 457 3220 Cum
474 3174 552 3219 vero
569 3151 720 3218 nationes
744 3153 915 3216 Asiaticae
929 3153 1127 3233 plerumque
1143 3150 1280 3215 Graecis
1302 3153 1458 3216 eruditio-

283 3283 338 3328 res
362 3265 482 3343 essent,
506 3260 583 3324 inde
607 3261 767 3343 instituta,
792 3264 881 3323 artes
906 3258 1192 3340 eruditionemque
1214 3277 1270 3322 eos
1285 3260 1454 3341 recepisse

287 3374 430 3454 apparet.
482 3367 553 3432 Nec
581 3372 695 3430 tamen
722 3366 869 3430 indidem
896 3370 1000 3430 totam
1028 3364 1227 3429 Graecorum
1257 3365 1455 3449 religionem

285 3478 467 3562 profectam
482 3485 564 3540 'esse
595 3473 816 3554 concedimus,
847 3491 923 3537 cum
946 3473 1050 3535 multo
1074 3470 1207 3536 facilius
1230 3473 1285 3534 vel
1308 3460 1457 3554 linguam

285 3603 384 3666 quam
395 3584 594 3666 religionem
606 3581 777 3644 hominum
788 3581 971 3662 permutari
985 3597 1083 3662 posse
1100 3578 1309 3641 arbitremur.
1339 3576 1456 3658 Itaque
1522 3617 1533 3629 ·

285 3690 419 3756 Semitis
456 3708 500 3752 ne
538 3689 679 3751 nimium
715 3687 874 3750 tribueris
912 3689 948 3749 in
983 3685 1217 3749 conformanda
1255 3685 1456 3771 Graecorum

284 3800 463 3882 religione,
502 3814 601 3878 quem
635 3796 671 3857 in
706 3812 852 3858 errorem
886 3783 994 3876 nuper
1025 3791 1062 3854 Ε.
1097 3787 1259 3871 Curtins³l
1298 3791 1457 3855 incidisse

284 3905 425 3969 videtur.
475 3903 571 3966 Certe
605 3901 748 3965 Dianam
763 3918 766 3922 ·
780 3901 961 3984 genuinum
989 3897 1191 3962 Graecorum
1225 3917 1348 3961 numen
1383 3917 1456 3962 esse

288 4011 443 4096 probabo,
468 4011 532 4074 etsi
555 4009 741 4073 sententiae
765 4008 806 4070 de
831 4008 903 4070 eius
926 4011 1044 4069 natura
1066 3996 1228 4088 paulatim
1250 4009 1457 4088 permutatae

361 4275 381 4343 ¹)
400 4275 434 4330 cf.
453 4276 484 4331 Ε.
503 4275 655 4338 Curtius,
684 4273 735 4328 Die
754 4271 927 4342 griechische
946 4271 1121 4328 Gottcrlehre
1139 4287 1203 4326 rom
1221 4268 1460 4340 geschichtlichen

285 4364 481 4436 Slaudpunlrte
501 4363 618 4432 (Preusa
637 4362 743 4425 Jahrb..
760 4365 829 4418 torn.
849 4361 892 4427 36,
912 4379 939 4430 p.
959 4359 1068 4426 1-17),
1086 4361 1157 4430 pff).
1219 4380 1221 4383 ·
1276 4381 1279 4385 ·
1379 4383 1384 4387 ·

360 4450 381 4518 ²)
401 4453 529 4508 Indidem
548 4451 750 4507 descenderunt
768 4449 883 4504 nomina
898 4442 1031 4519 Ἀχελῷος,
1048 4442 1185 4513 Ἀχιλλεύς,
1203 4448 1268 4502 alia.

362 4541 383 4610 ³)
402 4543 455 4598 An.
474 4542 589 4608 Borma,
606 4545 674 4597 tom.
693 4539 736 4606 36,
755 4557 783 4608 p.
802 4539 827 4593 4.
