3367 5192
614 1739 985 1842 Prooemium

747 1939 851 1951 ————-v-·-

304 2053 500 2117 Weloherus
529 2055 564 2116 in
587 2056 780 2118 universum
810 2055 850 2118 do
873 2057 1046 2140 religionis
1070 2056 1218 2122 Graecae
1248 2060 1387 2123 historia

211 2161 383 2244 disputans
405 2162 441 2223 in
455 2160 681 2244 Mythologiae
704 2163 760 2226 vel
780 2161 984 2247 Theologiae
1001 2162 1150 2229 Graecae
1173 2170 1250 2229 tom.
1266 2164 1292 2248 I,
1316 2187 1347 2250 p.
1365 2170 1383 2228 7

210 2269 293 2332 haee
328 2267 462 2332 scribit:
503 2259 626 2332 ‘Wenn
658 2288 694 2332 es
729 2269 877 2353 moglioh
911 2278 1016 2351 wire,
1052 2273 1152 2335 einen
1187 2271 1287 2337 Kreis
1320 2293 1384 2336 von

209 2377 392 2460 religibsen
418 2375 679 2457 Vorstellungen
715 2396 773 2440 aus
803 2377 999 2441 demsclbon
1030 2377 1197 2442 Zeitraum
1232 2379 1384 2459 (eandem

210 2483 292 2547 dicit
319 2487 477 2564 aetatem,
513 2501 577 2563 qua
606 2484 738 2572 moenia
767 2483 949 2566 Cyclopum
980 2488 1013 2548 et
1039 2482 1177 2564 Myniae
1212 2484 1384 2548 mirabiles

210 2591 293 2653 tholi
327 2593 497 2652 exstructa
528 2587 625 2671 sunt),
665 2589 719 2652 die
757 2608 821 2651 nur
855 2590 959 2653 durch
996 2591 1155 2654 hritische
1190 2590 1384 2675 Forschung

209 2697 295 2760 nach
316 2697 385 2759 und
407 2695 493 2759 nach
517 2696 657 2759 crhannt
678 2695 813 2759 werden
836 2697 979 2778 konnen,
1003 2698 1040 2759 in
1062 2697 1153 2761 ihrer
1168 2696 1383 2781 Kemhaftig·

209 2805 280 2867 heit
313 2801 381 2866 und
413 2801 669 2866 Fruchtharheit
704 2804 765 2865 mit
798 2803 949 2886 gleicher
983 2804 1282 2868 Ansehaulichheit
1314 2805 1383 2868 und

208 2907 374 2992 Wirhung
397 2909 457 2972 auf
478 2909 544 2972 den
567 2908 662 2973 (ieist
684 2910 916 2992 hinzustellen,
941 2912 991 2974 als
1014 2914 1117 2975 werin
1142 2912 1235 2976 diese
1258 2911 1385 2976 Ueber·

209 3022 299 3082 reste
326 3035 390 3080 uns
412 3036 472 3079 vor
494 3035 617 3080 unsern
641 3017 847 3081 staunenden
870 3016 1014 3082 Blicken
1037 3019 1164 3101 stehen,
1188 3038 1224 3082 so
1247 3019 1384 3083 wdrden

209 3125 263 3189 die
280 3143 339 3188 aus
355 3123 584 3188 Unhenntniss
600 3125 761 3207 geringen
773 3125 1033 3208 Vorstellungen
1048 3143 1114 3189 von
1129 3124 1194 3189 den
1209 3125 1384 3208 Antbngen

209 3231 268 3296 der
296 3231 529 3315 griechischen
556 3229 758 3294 Geschiohte
793 3232 866 3294 sich
900 3232 986 3294 noch
1021 3231 1179 3314 ungleich
1208 3232 1303 3295 mehr
1333 3251 1384 3295 er-

208 3341 345 3402 weitern
384 3338 452 3400 und
491 3337 653 3421 gltnzend
694 3330 861 3401 erhellen?
923 3336 1049 3412 Quibus
1082 3338 1195 3402 verbis
1230 3339 1385 3420 equidem

208 3446 295 3508 nihil
321 3445 445 3509 rectius
474 3444 600 3508 dictum
631 3463 750 3508 censeo
777 3463 888 3525 neque
912 3444 1092 3525 quidquam
1114 3446 1216 3507 totius
1241 3446 1384 3526 antiqui·

209 3555 287 3615 tatis
316 3553 488 3615 historiam
517 3553 622 3634 magis
653 3550 810 3614 adiuvare
843 3569 941 3633 posse
970 3551 1119 3634 arbitror,
1156 3570 1254 3632 quam
1291 3553 1384 3615 illam

214 3659 419 3723 reconditam
449 3659 593 3723 nationis
618 3656 764 3722 Graecae
795 3659 959 3740 originem
986 3657 1153 3741 indagare,
1182 3662 1221 3721 ut
1249 3660 1285 3722 in
1313 3659 1386 3723 dies

210 3767 315 3849 magis
347 3770 513 3849 appareat,
549 3765 710 3847 quomodo
739 3767 891 3844 virtutes,
927 3766 1097 3847 scientiae,
1133 3769 1231 3846 artes,
1264 3764 1384 3845 quibus
1411 3836 1415 3842 ,

210 3872 331 3936 Graeci
353 3877 469 3955 postea
493 3890 606 3935 omnes
628 3876 745 3955 gentes
762 3875 1014 3955 superaverunt,
1038 3875 1130 3933 ortae
1147 3869 1387 3933 conformatae·

210 3998 273 4060 que
297 3980 372 4042 sint
419 3977 491 4053 Qua
517 3980 554 4041 in
580 3997 617 4042 re
646 3977 819 4041 tractanda
848 3979 1083 4060 cogitationem
1111 3977 1152 4039 ad
1182 3974 1384 4039 Graecorum

209 4086 250 4149 de
275 4087 339 4150 diis
363 4087 546 4151 sententias
570 4089 646 4149 ante
671 4086 781 4149 omnia
805 4084 987 4167 dirigamus
1011 4101 1149 4148 necesse
1174 4087 1234 4164 est,
1259 4101 1335 4146 cum
1348 4083 1385 4146 in

208 4195 371 4278 religione
396 4211 490 4256 suam
513 4211 664 4275 quaeque
686 4194 778 4255 natio
808 4192 1029 4275 principalem
1058 4194 1210 4255 naturam
1237 4191 1383 4253 maxime

210 4300 376 4365 exhibeat
426 4298 544 4381 Itaque
582 4300 645 4361 etsi
680 4297 918 4362 difficillimum
950 4317 1024 4363 esse
1054 4299 1132 4361 novi
1164 4298 1200 4360 in
1228 4298 1291 4360 hac
1319 4296 1385 4360 dis·

210 4409 342 4491 eiplina,
373 4407 466 4470 cuius
494 4410 563 4468 tam
593 4403 685 4467 fluxa
709 4408 760 4468 est
782 4405 932 4486 materia,
963 4404 1058 4468 firmo
1082 4404 1168 4487 pede
1193 4405 1383 4485 consistere,

208 4518 317 4578 tamen
343 4515 405 4577 hoc
430 4530 588 4578 conamen
612 4511 695 4574 mihi
719 4511 927 4574 subeundum
954 4530 1027 4575 esse
1058 4510 1140 4573 duxi
1164 4529 1315 4592 quaeque
1343 4510 1384 4572 de

1154 4633 1168 4686 1
