3367 5192
848 377 891 439 60

374 585 452 650 Deli
467 588 569 670 igitur
583 585 710 650 Dianae
733 588 844 652 cultus
867 587 1108 668 antiquissimis
1124 605 1144 649 e
1159 585 1364 669 temporibus
1386 588 1455 647 tam
1513 632 1522 650 .

286 693 420 757 celeber
435 695 515 774 erat,
530 694 568 755 nt
581 692 638 756 rel
652 694 895 756 remotissimae
907 693 1010 756 Asiae
1025 696 1143 774 gentes
1157 691 1243 755 dona
1257 691 1457 772 frugumque

284 799 449 881 primitias
482 816 522 861 eo
556 797 752 863 conferrent.
798 796 917 880 Itaque
948 794 1102 876 Persae¹)
1137 815 1278 878 quoqne,
1313 813 1389 859 oum
1419 796 1456 857 in

286 903 461 968 Graeciam
483 903 773 987 proficiscerentur
788 909 823 968 et
837 905 963 987 templa
985 904 1122 967 deorum
1144 901 1250 966 multa
1264 902 1455 985 diriperent,

284 1013 397 1072 tamen
419 1008 503 1073 Delo
525 1011 680 1094 religiose
704 1015 934 1094 pepercerunt

375 1114 459 1180 Oum
472 1117 574 1198 igitur
588 1115 716 1180 Dianae
738 1121 858 1180 natura
878 1117 1058 1200 praecipue
1080 1118 1117 1180 in
1139 1114 1274 1179 creandi
1296 1115 1456 1178 facultate

283 1222 392 1303 posita
429 1224 526 1304 esset,
561 1221 596 1285 id
627 1223 705 1285 anni
734 1227 866 1305 tempus
896 1224 968 1286 eius
999 1241 1145 1285 sacrum.
1163 1220 1357 1301 habebatur,
1391 1235 1455 1299 quo

285 1328 432 1392 maxime
454 1331 591 1391 nonnae
620 1329 804 1391 immanens
832 1329 884 1391 vis
913 1346 951 1392 se
980 1328 1128 1410 praebet,
1159 1345 1279 1410 nempe
1307 1343 1454 1389 vernum.

287 1430 357 1506 Qua
381 1432 422 1496 de
447 1451 546 1496 causa
568 1435 702 1514 mensis,
732 1435 790 1514 qui
818 1435 909 1496 circa
930 1452 1071 1497 vernum
1100 1433 1347 1514 aequinoctium
1375 1434 1456 1509 erat,

289 1530 486 1616 Ἀοτεμίσιος,
509 1537 630 1602 Dorice
650 1530 857 1621 Ἀρταμίτιος,
880 1540 936 1603 vel
952 1531 1153 1619 Ἅρτεμιοιῶν
1172 1538 1229 1602 rel
1252 1530 1457 1616 Μουνυχιών

284 1639 555 1724 nominabaturil.

355 1744 526 1828 Denique
549 1748 648 1836 liuius
670 1747 797 1813 Dianae
826 1767 922 1813 sacra
944 1751 1016 1812 avis
1039 1753 1111 1812 erat
1134 1749 1298 1828 coturnix,
1321 1748 1400 1828 quia
1423 1749 1458 1808 et

284 1854 372 1918 veris
404 1853 507 1918 index
536 1858 601 1934 est,
634 1859 667 1918 et
694 1855 811 1938 pullos,
845 1856 903 1936 qui
932 1855 1030 1918 multi
1065 1873 1139 1918 esse
1175 1854 1297 1934 solent,
1331 1852 1456 1915 eximia

286 1977 365 2022 cura
396 1955 525 2039 fover).
571 1959 689 2041 Itaque
721 1958 902 2044 Orthygiae
931 1962 1076 2041 insulae,
1111 1977 1197 2040 quae
1229 1960 1268 2023 ab
1302 1960 1365 2021 hac
1394 1974 1456 2021 ave

284 2082 404 2127 nomen
432 2063 608 2146 duxerunt,
637 2067 719 2130 item
746 2066 875 2130 Dianae
905 2085 1020 2130 sacrae
1048 2085 1123 2129 esse
1150 2061 1390 2148 putabantur),
1423 2067 1457 2127 et

285 2171 358 2251 ipsa
381 2169 443 2233 dos
464 2162 633 2250 Ὀρτυγίας
657 2189 838 2253 cognomen
861 2167 1030 2254 recepitf').

374 2273 425 2340 De
447 2277 586 2357 reliquis
609 2275 736 2342 Dianae
761 2277 922 2358 symbolis
942 2278 1106 2360 imprimis
1122 2277 1277 2358 Ephesiis
1300 2276 1457 2339 disseruit

287 2379 429 2446 Guhlius
452 2381 586 2465 (Ephss.
609 2403 639 2465 p.
662 2384 705 2448 90
729 2382 820 2464 sqq),
851 2382 893 2446 de
924 2383 1041 2465 apibus
1072 2401 1151 2445 vero
1183 2381 1333 2446 conferre
1364 2383 1456 2443 iuvat

285 2487 458 2570 Wenigeri
484 2488 751 2572 disputationem,
780 2508 879 2571 quam
902 2490 1072 2572 inscripsit
1100 2481 1181 2551 ‘Zur
1203 2486 1375 2569 Symbolik
1397 2486 1457 2549 der

283 2587 396 2657 Biene'
421 2593 544 2676 (Progr.
567 2613 677 2678 gymn.
700 2593 860 2658 Elisabet
905 2595 995 2658 Vrat.
1020 2592 1126 2674 1871).

372 2699 591 2764 Transeamus
614 2702 682 2764 iam
703 2699 744 2764 ad
761 2700 900 2764 alteram
914 2701 1076 2763 natinalis
1091 2699 1218 2763 Dianae
1240 2700 1455 2781 provinciam,

288 2806 381 2868 cuius
404 2806 471 2869 iam
493 2807 529 2868 in
552 2805 778 2888 superioribus
795 2806 972 2886 aliquoties
987 2806 1193 2869 mentionem
1215 2803 1326 2868 faeere
1350 2804 1457 2867 coacti

287 2927 409 2992 sumne,
434 2929 508 2974 eum
530 2913 566 2974 in
589 2911 729 2994 singulis
754 2911 900 2974 cultibus
923 2910 1009 2974 duae
1032 2912 1174 2974 virtutes
1188 2929 1256 2974 non
1271 2909 1367 2973 modo
1389 2926 1456 2973 non

286 3015 478 3097 diremptae,
502 3016 561 3079 sed
576 3018 770 3080 coniunctae
794 3015 926 3079 fuerint.
958 3016 1070 3097 Aqua
1089 3015 1216 3080 Dianae
1239 3015 1456 3079 dominationi

284 3126 459 3204 propterea
486 3122 637 3186 subiecta
668 3126 728 3203 est,
761 3122 849 3204 quod
881 3124 954 3186 sine
987 3124 1081 3202 aquis
1112 3122 1206 3185 nulla
1237 3139 1391 3203 agrorum
1422 3125 1456 3184 et

284 3227 443 3290 silvarum
465 3227 623 3292 fertilitas
646 3246 720 3292 esse
744 3231 860 3311 potest
898 3226 1059 3292 Primitns
1074 3228 1178 3310 igitur
1191 3226 1300 3290 Diana
1314 3227 1456 3290 fontium

285 3336 319 3395 ot
341 3329 517 3412 rivorum⁶l
547 3338 581 3397 et
603 3334 736 3398 lacuum
758 3334 822 3398 dea
846 3338 925 3415 erat,
952 3337 1070 3416 postea
1093 3352 1172 3397 vero
1202 3333 1276 3396 eius
1304 3334 1456 3416 regimen

288 3438 388 3500 etiam
405 3439 441 3501 in
452 3458 543 3502 mere
559 3439 705 3524 patebat,
721 3458 822 3523 quare
833 3440 1001 3504 Hesiodus
1017 3438 1150 3522 (Theog.
1160 3458 1191 3502 v.
1202 3438 1280 3520 413)
1291 3437 1455 3502 Hecatam

283 3543 370 3608 dixit
392 3545 509 3622 μοῖραν
531 3537 612 3624 ἔχειν
625 3543 718 3625 γαίης
732 3563 765 3606 τε
779 3541 833 3606 καὶ
849 3537 1035 3625 ἀτρυγέτοιο
1049 3540 1225 3624 θαλάσσης,
1249 3543 1455 3624 eandemque

284 3652 318 3712 et
333 3645 524 3731 Neptunum
540 3649 732 3730 conjunctos
746 3652 923 3712 nautarum
938 3647 1093 3732 precibus
1108 3649 1256 3713 invocari
1262 3645 1296 3731 ⁷).
1324 3649 1454 3716 Deinde

357 3801 377 3871 ¹)
398 3803 433 3860 cl.
451 3800 554 3859 Herod.
573 3799 621 3870 Vl,
639 3803 681 3858 97.

355 3890 377 3960 ²)
395 3891 544 3960 Preller,
560 3891 649 3961 Myth.
668 3891 714 3946 Gr.
733 3891 754 3958 Ι,
772 3909 800 3962 p.
819 3892 881 3946 241.

356 3978 377 4048 ³)
396 3981 431 4035 oi.
456 3980 646 4046 Steinthal,
678 3979 808 4036 Zeitsohr.
837 3979 883 4033 idr
906 3980 1072 4050 Psycholog.
1099 3982 1157 4036 und
1184 3981 1453 4051 Sprachwissensch„

282 4069 317 4136 Π,
336 4067 587 4224 Ι)1)1(6)ῗ1111111οο,
606 4155 641 4211 de
660 4156 723 4212 Dor.
742 4150 763 4221 1,
782 4169 810 4226 p.
829 4155 890 4211 sel.
926 4155 1006 4213 Pind.
1026 4155 1108 4213 Nem.
1125 4157 1146 4222 l,
1165 4157 1191 4212 3.

356 4243 378 4311 ⁶)
397 4244 479 4313 Seph.
498 4245 596 4299 Trach.
613 4263 639 4298 r·
659 4245 721 4301 212.

356 4331 381 4398 ⁰)
399 4333 434 4389 of.
451 4332 552 4389 Catuli
570 4335 614 4399 el,
631 4352 658 4389 r.
678 4332 723 4389 12:
741 4329 875 4388 ‘amnium
893 4331 1023 4389 domina‘.

358 4420 379 4490 'l
397 4421 462 4476 Hes.
494 4421 544 4478 Th.
569 4437 596 4477 v.
623 4421 689 4477 llo:
723 4415 770 4473 ast
795 4423 855 4481 toto
877 4415 906 4472 οἳ
926 4419 1047 4489 γλαυκὴν
1073 4418 1261 4490 δυσπέμφελον
1286 4415 1453 4489 ἐργάζονται,

285 4505 407 4577 εὔχονται
424 4501 523 4578 ‘Esdrp
540 4507 587 4561 aul
604 4504 738 4580 ἐρικτύπῳ
753 4503 937 4579 Ἐννοσιγαίῳ,
