3367 5192
831 364 905 436 44'

272 602 292 644 a
322 581 538 646 Patrensibus
567 583 861 665 immolabantur¹).
911 583 1028 666 Itaque
1058 602 1134 648 cum
1164 584 1351 648 Arcadibus
1380 587 1442 650 hoc

274 705 372 752 ursae
398 688 583 768 symbolum
606 689 796 770 debeamus,
826 692 886 755 hos
909 687 1043 774 quidem
1067 691 1334 772 antiquissimum
1358 693 1441 758 deae

272 792 387 858 Noctis
410 794 597 874 symbolum
619 795 807 861 diutissime
831 813 1045 860 conservasse
1068 795 1315 860 concedendum
1338 802 1396 862 cst.

361 899 482 964 Contra
503 902 609 965 multo
631 903 852 966 recentiorem
876 907 910 967 et
931 899 1125 966 inferiorem
1148 903 1296 984 speciem
1315 903 1440 967 lunaris

269 1005 356 1068 deae
392 1005 530 1070 exhibet
562 993 737 1091 necator),
776 1025 844 1072 non
873 1009 934 1072 illa
961 1009 1109 1091 quidem,
1147 1025 1245 1088 quam
1272 1007 1440 1075 Hesiodus

269 1112 304 1173 in
337 1109 526 1195 Theogonia
558 1115 690 1196 copiose
721 1115 906 1198 praedicat,
944 1115 1004 1178 sed
1037 1133 1090 1196 ea,
1129 1132 1226 1195 quam
1256 1116 1439 1197 posteriore

268 1219 416 1300 tempore
441 1219 565 1283 cultam
587 1219 691 1284 fausse
714 1221 848 1284 scimus.
894 1218 959 1284 Sed
982 1222 1194 1299 etiamtunc,
1219 1237 1294 1283 cum
1309 1219 1438 1283 Hecate

268 1321 331 1385 dea
353 1324 448 1404 quasi
471 1326 506 1387 in
529 1323 720 1389 inferiorem
742 1327 854 1390 locum
876 1326 1081 1409 recessisset,
1103 1326 1164 1388 illa
1187 1327 1438 1407 antiquissimae

267 1428 423 1509 genitalis
446 1432 511 1512 ris,
539 1447 637 1512 quam
660 1435 811 1515 proximo
836 1435 945 1516 capite
967 1432 1198 1514 tractabimus,
1221 1431 1437 1497 retinebatur.

273 1533 338 1596 Vel
360 1535 484 1618 triplex
506 1535 655 1601 ciusdem
679 1538 761 1602 deae
784 1557 850 1602 non
873 1540 980 1603 solum
1002 1544 1121 1603 natura
1140 1538 1198 1603 sed
1215 1539 1316 1602 etiam
1331 1537 1437 1618 figura

270 1640 484 1721 cogitabatur,
499 1659 620 1726 nempe
637 1644 801 1727 caelestia,
816 1647 985 1710 terrestris
1001 1645 1057 1708 vel
1070 1644 1241 1725 naturalis,
1255 1643 1437 1706 inferorum

266 1745 426 1809 numinis:
453 1747 513 1810 illa
540 1767 619 1812 vero
648 1751 802 1814 caelestis
833 1755 956 1816 ceteris
979 1753 1132 1834 superior
1153 1751 1329 1814 ridebatur
1351 1767 1435 1827 esse,

269 1869 342 1914 cum
374 1857 488 1935 postea
518 1855 626 1937 ipsam
650 1856 763 1920 lunam
785 1856 917 1922 Hecate
938 1858 1183 1941 repraesentari
1206 1850 1435 1934 conicerent³).

267 1956 408 2020 Dianam
443 1963 569 2043 autem,
606 1981 681 2026 cum
714 1963 785 2028 iore
820 1966 958 2029 eandem
994 1966 1141 2047 speciem
1176 1967 1274 2044 atque
1307 1961 1437 2025 Hecata

269 2065 449 2147 praecipuo
481 2067 516 2128 in
549 2067 750 2150 imaginibus
782 2072 967 2153 exhiberet,
1000 2071 1063 2134 hac
1094 2072 1167 2152 ipsa
1194 2088 1233 2132 re
1260 2087 1278 2132 e
1305 2066 1436 2149 uulgari

266 2172 435 2233 sententia
467 2171 600 2236 facilius
629 2175 727 2239 lunae
755 2177 861 2260 ipsius
889 2181 1041 2240 naturam
1067 2176 1217 2240 induisse
1251 2172 1434 2237 verisimile

270 2280 330 2338 est.
376 2275 492 2358 Itaque
520 2278 727 2363 Euripidem)
752 2281 898 2346 Latonae
929 2282 1035 2347 filiam
1065 2279 1249 2342 Σελαναλαν
1278 2276 1433 2361 appellat,

265 2369 340 2444 cium
358 2383 456 2464 paulo
472 2403 571 2468 supra
586 2387 626 2467 (v.
645 2389 722 2468 110)
739 2388 879 2452 eandem
889 2383 1028 2468 Ἑκάτην
1042 2386 1271 2450 nominaverit.
1305 2381 1434 2446 Deinde

266 2505 369 2568 panes
392 2489 447 2551 vel
470 2492 640 2573 placentas
662 2496 828 2578 rotundas,
853 2513 937 2577 quae
952 2494 1209 2558 menstrualibus
1230 2492 1332 2554 sacris
1352 2489 1434 2552 deae

265 2595 341 2654 ante
379 2595 550 2660 domorum
587 2605 697 2682 portas
733 2602 1015 2684 proponebantur,
1052 2595 1187 2681 σελήνας
1220 2591 1326 2660 dictas
1359 2613 1433 2658 esse

262 2697 422 2763 traditum
447 2698 536 2785 est⁶).
578 2703 670 2780 Quod
694 2727 772 2771 vcro
796 2709 888 2772 illius
912 2708 994 2771 deae
1014 2711 1089 2769 ante
1106 2721 1219 2768 omnes
1235 2703 1306 2766 fere
1320 2706 1432 2784 portas

262 2805 376 2886 sigilla
405 2807 461 2870 vel
489 2813 633 2874 sacraria
661 2813 821 2877 collocata
849 2818 957 2895 erant,
989 2827 1171 2894 cognomen
1190 2802 1349 2890 Ἐνοδλαθ)
1375 2805 1432 2869 rol

263 2909 461 2988 Προθνραλα
494 2915 643 2980 Hecatae
678 2919 819 2982 inditum
855 2924 907 2984 ost
924 2917 947 3004 ).
1009 2916 1118 2993 Quare
1152 2916 1235 2980 mihi
1268 2915 1431 2979 declarari

262 3012 396 3076 videtur
422 3017 521 3082 huius
552 3021 633 3086 deae
663 3026 788 3087 cultum
816 3025 1027 3107 frequentem
1058 3026 1092 3086 et
1118 3021 1372 3085 usitatissimum
1394 3020 1430 3082 in

260 3119 401 3200 privatis
430 3127 533 3190 sacris
562 3127 674 3193 fuisso.
719 3127 850 3194 Deinde
878 3129 1061 3194 similitudo
1090 3125 1251 3191 Mercurii
1278 3119 1429 3204 Duodii⁸)

260 3227 471 3307 respicienda
499 3237 565 3315 est,
598 3237 654 3316 qui
685 3236 767 3299 deus
797 3255 873 3300 eum
900 3237 1028 3300 Hecate
1056 3235 1097 3298 ab
1125 3233 1271 3297 Hesiodo
1299 3249 1429 3313 quoque

260 3327 392 3414 (Theog.
427 3354 456 3398 r.
485 3338 563 3419 444)
602 3343 816 3425 componitur.
874 3342 939 3408 Sed
977 3344 1012 3404 in
1052 3342 1115 3404 hoc
1149 3338 1297 3403 Hecatae
1337 3338 1429 3401 cultu

258 3506 359 3514 -——..-
362 3511 470 3522 ——a

333 3608 658 3689 1λΡ.λ711,18,12ιο.

332 3699 353 3770 ²)
371 3703 405 3758 ci.
424 3703 585 3773 Welolrer,
605 3709 700 3766 Theoi.
719 3710 765 3764 Gr.
784 3711 805 3776 I,
824 3729 852 3782 p.
872 3711 923 3765 562
940 3727 1001 3779 sqq.

331 3787 353 3856 ⁸)
373 3790 447 3848 Suid·
466 3812 487 3849 s.
506 3813 533 3850 v.
549 3788 684 3865 Ἓαοίτηνι
702 3796 729 3850 oi
746 3793 796 3864 aba·
812 3792 1006 3865 τὴν”Αρτεμιν,
1025 3795 1052 3849 oi
1070 3790 1099 3848 di
1115 3792 1167 3862 τὴν
1184 3787 1311 3860 Σελήνην.

331 3876 353 3946 ⁴)
373 3880 478 3936 Phoen.
501 3899 528 3937 v.
552 3883 603 3938 175
626 3901 680 3952 sq:
708 3875 731 3935 ai
753 3881 941 3951 λιπαροζώνου
963 3880 1083 3950 θύγατερ
1109 3875 1126 3932 οἱ
1149 3878 1258 3938 Λατοῦς
1281 3874 1424 3939 Σελαναία,

255 3965 449 4034 χρυσεόκυκλον
465 3965 571 4038 φέγγος.

178 4125 182 4134 ¹
330 4052 352 4122 ⁶)
371 4055 445 4111 Suid.
471 4074 492 4113 s.
517 4075 543 4112 v.
567 4052 716 4111 ἀνάστατοι
738 4061 767 4113 et
789 4057 905 4124 σελῆναι.
946 4057 1010 4112 Hes.
1036 4074 1056 4111 s.
1079 4073 1106 4110 v.
1127 4049 1238 4120 σελήνας
1262 4051 1305 4104 rel
1329 4048 1424 4117 Eurip.

255 4142 289 4198 ir.
307 4143 361 4200 352
380 4143 535 4214 (Nauck).

329 4231 353 4297 ⁶)
371 4233 406 4288 ei·
424 4235 497 4290 Plat.
515 4235 581 4305 Lag.
600 4237 648 4302 XI,
667 4255 694 4306 p.
713 4235 765 4290 914
784 4237 806 4286 Β
825 4239 854 4290 at
871 4236 957 4292 schol.

332 4321 353 4390 ⁷)
371 4323 512 4393 Aristopb.
536 4324 618 4394 Vesp.
637 4343 662 4378 v.
681 4323 742 4390 804,
769 4325 853 4394 Sopb.
871 4325 968 4393 Antip.
987 4343 1013 4380 v.
1033 4323 1110 4389 1199,
1134 4320 1227 4390 Eurip.
1245 4317 1308 4374 Hel.
1326 4334 1351 4371 v.
1370 4314 1423 4370 570

255 4409 766 4479 amfflmuamma

232 4541 240 4554 .
329 4496 351 4566 ⁸)
369 4500 404 4555 oi.
422 4499 575 4567 Preller,
593 4502 684 4570 Myth.
703 4502 750 4556 Gr.
768 4503 790 4568 l,
808 4521 836 4572 p.
855 4503 917 4558 324.
