3367 5192
785 370 998 466 „e-

308 595 382 641 cum
406 582 497 640 certa
521 579 683 659 quaedam
706 581 802 662 signa
824 582 1015 646 sexcenties
1037 581 1181 664 repetita
1203 581 1279 644 sint.
1311 579 1480 662 8611611111-

306 683 455 746 boiorum
481 685 704 768 explicatione
728 703 810 768 opus
834 690 894 750 est.

394 807 543 874 Primum
568 811 703 890 quidem
725 809 861 874 lunulae
888 809 931 873 ad
958 809 1080 892 figuras
1110 810 1192 873 deae
1216 810 1481 893 apponebantur,

304 913 393 976 unde
416 914 501 976 mihi
525 914 651 978 factum
674 915 807 979 videtur
830 934 919 996 esse,
949 919 986 978 ut
1012 916 1172 999 paulatim
1195 915 1304 980 Diana
1327 921 1361 980 et
1383 915 1478 982 Luna

307 1019 594 1084 confunderentur.
645 1019 696 1085 De
722 1023 858 1085 notione
888 1023 986 1085 huius
1019 1023 1107 1104 signi
1138 1021 1284 1085 dubitari
1315 1023 1383 1085 iam
1412 1042 1479 1088 non

304 1128 423 1207 potest,
448 1144 524 1188 cum
547 1128 654 1190 noctis
683 1128 871 1207 symbolum
893 1125 929 1190 id
952 1147 1026 1192 esse
1049 1128 1267 1191 docuerimus,

393 1247 523 1312 Deinde
552 1249 680 1313 faculas
709 1249 836 1314 Dianae
866 1253 961 1334 signa
989 1251 1141 1315 manibus
1170 1254 1286 1314 tenere
1317 1250 1480 1332 solebant,

306 1373 387 1436 quas
421 1353 536 1418 Noctis
572 1355 653 1420 deae
689 1358 838 1439 proprias
877 1357 981 1422 fuisse
1022 1375 1129 1438 aeque
1165 1356 1378 1420 manifestum
1418 1363 1477 1420 est.

305 1457 476 1534 Quodcum
505 1465 624 1543 poetae
653 1463 710 1526 vel
738 1463 850 1546 potius
879 1481 993 1526 omnes
1023 1461 1145 1525 Graeci
1178 1462 1264 1525 tales
1296 1462 1375 1524 deos
1404 1481 1482 1524 6666

305 1565 505 1648 cogitarent,
542 1568 657 1648 quales
686 1567 726 1630 ab
758 1568 941 1631 artificibus
970 1567 1190 1650 fingerentur,
1227 1572 1345 1652 poetae
1376 1567 1477 1655 facile

304 1671 441 1734 deorum
454 1672 495 1735 ad
507 1674 640 1736 nomina
654 1673 800 1756 epitheta
813 1674 1018 1755 addiderunt,
1035 1693 1120 1755 quae
1133 1674 1268 1756 proprie
1285 1672 1327 1736 ad
1341 1670 1479 1736 deorum

303 1778 468 1860 imagines
512 1781 690 1861 pertinent.
752 1778 806 1843 Sic
844 1779 953 1843 Diana
984 1773 1174 1860 ἄμφίπυρος
1214 1775 1481 1857 nominabatur¹l

304 1881 469 1966 (Sophocl.
493 1883 606 1960 Traoh.
630 1887 709 1966 214)
725 1887 745 1948 i.
763 1906 789 1950 6.
814 1886 941 1949 duabus
964 1885 1085 1949 faculis
1109 1887 1279 1964 instructa,
1303 1884 1423 1966 quade
1439 1903 1481 1946 re

305 1991 449 2054 conferri
478 1992 597 2056 liceret
626 1993 776 2057 eiusdem
800 1991 970 2076 Sophoclis
995 1990 1073 2055 Oed.
1096 1989 1178 2075 Reg.
1199 1992 1265 2054 205
1289 2009 1336 2072 sq.
1365 1984 1422 2062 τάς
1442 2008 1480 2049 aa

303 2093 498 2176 πυρφόρους
518 2090 699 2179 Ἀρτέμιδος
723 2096 842 2180 ciphos,
866 2089 926 2173 ξὺν
948 2088 998 2170 αἶς
1020 2090 1113 2159 Λύκι’
1138 2090 1216 2174 ὄρεα
1237 2091 1369 2163 (1111151161.Ι

392 2216 500 2280 Nimis
524 2223 635 2282 autem
658 2220 837 2302 allegorice
860 2214 1041 2307 nonnu1112)
1066 2217 1195 2281 faculas
1217 2219 1302 2282 lucis
1317 2219 1475 2281 1161111166

304 2324 400 2406 signa
424 2343 496 2388 csse
520 2328 671 2406 censent,
703 2344 778 2388 cum
807 2344 847 2387 ca
875 2344 973 2407 quam
1000 2324 1144 2387 fecimus
1169 2324 1348 2407 explicatio
1371 2324 1480 2386 multo

304 2429 488 2513 simplicior
516 2430 658 2511 ideoque
686 2430 891 2514 probabilior
917 2430 1077 2494 videatur.
1130 2429 1249 2492 Altera
1275 2427 1396 2492 deinde
1425 2433 1481 2492 est

302 2536 340 2598 D.
366 2535 487 2620 Curtii,
518 2537 702 2600 facularum
732 2535 916 2618 symbolica
944 2536 1138 2619 explicatio,
1169 2554 1267 2617 quam
1294 2537 1331 2597 in
1353 2534 1481 2598 scholis

304 2642 565 2724 archaeologicis
585 2644 765 2725 proposuit.
793 2642 928 2707 Etenim
953 2643 989 2704 in
1009 2643 1204 2706 uniuersum
1220 2639 1481 2722 faculissignifi-

283 2751 374 2812 ,cari
402 2751 570 2830 mysteria,
594 2750 629 2812 in
663 2748 782 2830 quibus
816 2749 857 2811 ad
880 2767 974 2812 saara
1003 2747 1172 2812 adhibitae
1202 2747 1282 2828 sint,
1308 2746 1481 2814 existimat·

304 2855 421 2919 eadem
444 2857 581 2937 ratione,
616 2872 681 2936 qna
716 2833 845 2937 sceptro
879 2873 1019 2935 regnum
1051 2855 1108 2918 1161
1136 2856 1257 2936 patera
1280 2851 1477 2916 libationem

304 2963 375 3024 sive
410 2966 506 3024 omne
542 2961 749 3032 sacrificium.
808 2959 872 3023 Sed
910 2962 947 3022 in
975 2958 1121 3028 Dianam
1150 2958 1186 3021 id
1214 2959 1326 3020 minus
1356 2957 1479 3020 cadere

226 3092 230 3100 ·
303 3067 448 3147 videtur,
487 3085 563 3128 oum
594 3066 779 3149 epithetum
813 3061 993 3144 φωσφόρος
1022 3063 1152 3128 Dianae
1184 3082 1251 3126 non
1282 3067 1408 3126 motum
1441 3067 1479 3124 et

304 3173 468 3236 actionem
492 3171 550 3235 sed
572 3173 810 3256 proprietatem
833 3162 958 3232 indicet
980 3187 1095 3256 neque·
1112 3169 1275 3250 mysteria
1295 3169 1335 3232 in
1347 3167 1479 3231 Dianae

305 3278 397 3341 cultu
420 3279 609 3360 frequentia
632 3280 706 3342 sint.

392 3399 474 3465 Tum
498 3403 580 3466 deae
595 3402 710 3466 Noctis
734 3400 923 3481 symbolum
945 3400 1029 3464 mibi
1043 3399 1203 3467 uidentur
1226 3399 1330 3479 alae,
1354 3397 1479 3477 quibus

304 3509 554 3588 antiquissimae
570 3508 696 3590 figurae
712 3509 895 3570 instructae
912 3510 996 3568 sunt.
1027 3503 1067 3572 ln
1085 3504 1220 3586 Cypseli
1236 3505 1319 3567 cista
1333 3502 1476 3581 Dianam

304 3614 451 3679 humeris
474 3614 596 3677 alatam
620 3613 781 3676 artificem
803 3612 942 3674 finxisse
962 3610 1149 3675 Pausanias
1170 3605 1309 3690 tradit³)‚
1334 3626 1476 3689 quarum

303 3722 483 3804 figurarum
505 3719 660 3801 exempla
681 3737 787 3800 nuper
812 3717 956 3800 plurima
982 3717 1121 3779 inventa
1141 3720 1226 3779 sunt
1272 3714 1473 3795 Plerumque

302 3827 431 3892 bestiae
454 3825 582 3888 Dianae
611 3827 778 3905 utrimque
804 3823 935 3886 additae
959 3826 1050 3903 sunt,
1085 3823 1185 3887 cuius
1203 3821 1337 3904 generis
1360 3837 1479 3882 monn«

270 4083 272 4088 '
377 4071 397 4140 ¹)
417 4073 522 4126 Eadem
544 4071 653 4125 ratione
677 4087 695 4124 a
717 4070 814 4124 statuis
836 4069 964 4124 derivata
986 4066 1154 4136 cognomina
1177 4068 1258 4120 arunt:¹
1280 4056 1477 4130 ’111111γ1,1ομε’νη,ι

299 4159 415 4229 ’opera
434 4155 603 4227 Avpoda'cpa,
622 4159 737 4214 sortasse
756 4158 840 4212 etiam
860 4155 1004 4208 Atucvvvm

376 4247 397 4316 ²)
416 4250 493 4304 velut
511 4247 542 4301 Ο.
561 4247 698 4311 Mulier,
716 4245 992 4312 Kunatarchbologie‚
1011 4243 1027 4310 ξ
1046 4242 1107 4297 363.

357 4333 397 4405 '⁸3
415 4326 446 4389 P·
464 4336 498 4395 V.
519 4337 560 4399 19,
585 4336 613 4388 5:
634 4327 755 4401 ”Accepto
781 4327 810 4385 dd
828 4327 881 4384 οὐκ
904 4327 967 4385 οῖδα
984 4324 1045 4398 ἕφ’,,
1062 4323 1203 4400 ὅῡῳ-λόγῳ
1222 4322 1356 4392 πτέρυγας
1374 4320 1476 4390 ἔχουσά

302 4421 373 4478 ἐστιν
396 4419 440 4476 ἐπὶ
462 4423 517 4474 τῶν
534 4417 624 4488 ὤμων,
647 4421 694 4474 aad
715 4422 748 4490 τῇ
771 4417 819 4487 μὲν
837 4421 913 4492 ἃεξφᾴ
934 4415 1038 4489 aazias
1055 4415 1200 4487 odedum,
1224 4413 1261 4485 τῇ
1275 4408 1306 4464 δὲ
1324 4407 1401 4484 ἑτέρᾳ
1417 4409 1479 4462 τῶν·

300 4507 398 4579 χειρῶν
414 4505 516 4561 λέοντα.

1657 666 1658 719 1

1657 862 1659 927 1

1657 940 1659 1003 1

1657 1010 1659 1055 1

1657 1058 1658 1081 1
