3367 5192
710 482 924 492 —a—————

321 597 363 662 In
385 599 534 664 Hecatae
557 602 681 682 hymno
702 601 886 686 Hesiodeo‚
916 620 981 686 quo
1002 603 1130 668 Dianae
1154 604 1405 685 antiquissimae

233 703 375 768 virtutes
399 709 551 770 accurate
567 705 698 771 definiri
714 706 870 790 diximus,
892 707 1017 773 bellica
1039 709 1122 773 deae
1144 708 1196 773 vis
1218 709 1272 772 his
1290 707 1406 772 verbis

232 815 518 874 commemoratur:

383 924 405 1013 ἡ
428 925 455 994 θ’
477 924 566 995 ὁπότ’
589 927 621 1006 ἐς
643 929 789 1015 πόλεμον
811 932 1001 1017 φθισήνορα
1021 936 1258 1016 θωρήσσωνται

384 1028 504 1116 ἄνιρις,
526 1030 608 1098 ἔνθα
627 1029 690 1098 θεὰ
711 1035 949 1118 παραγίραιεται,
972 1031 1032 1110 οὓς
1052 1031 1081 1100 ιι’
1103 1031 1230 1121 ἐθέλῃσι

382 1134 480 1218 νίιιην
501 1130 714 1217 προφρονέως
735 1131 931 1202 caecarunt
952 1136 1052 1213 ιιῦθος
1073 1132 1190 1219 ὀρέξαι,

232 1291 318 1355 quae
340 1274 444 1338 verba
467 1276 550 1339 satis
573 1276 663 1341 clare
688 1276 777 1345 diota
800 1282 886 1342 sunt
929 1277 1068 1358 Desunt,
1091 1276 1179 1360 quod
1200 1277 1313 1357 sciam,
1337 1275 1404 1338 alie

232 1381 365 1462 poetica
394 1381 600 1464 testimonia,
634 1383 702 1446 nisi
733 1381 819 1448 forte
849 1382 1046 1468 Euripidem
1075 1386 1230 1466 putamus
1261 1379 1404 1444 Dianam

232 1481 379 1566 quater¹)
403 1485 444 1550 ab
459 1487 628 1570 Antigona
650 1488 688 1551 in
701 1486 896 1553 Phoenissis
918 1489 1106 1553 invocatam
1128 1487 1251 1552 fecisse
1269 1489 1404 1570 propter

232 1588 318 1653 hanc
341 1589 425 1654 deae
447 1591 606 1656 bellicam
627 1596 788 1675 naturam,
811 1611 889 1658 cum
909 1594 1080 1678 Antigona
1100 1594 1139 1658 in
1159 1590 1305 1658 hostium
1328 1609 1405 1655 oon·

232 1698 349 1777 spectu
381 1693 524 1760 Dianam
552 1699 700 1781 invocet,
730 1703 769 1763 ut
796 1698 859 1778 dea
886 1701 1030 1764 salntem
1064 1700 1294 1780 auxiliumque
1327 1696 1405 1761 urbi

232 1799 398 1882 praebeat.
434 1799 592 1877 Quamvis
610 1822 685 1868 rara
708 1804 775 1869 sint
798 1823 842 1869 ex
865 1787 1055 1870 auctoribus
1076 1806 1184 1889 petita
1204 1803 1405 1887 testimonia,

230 1907 344 1968 tamen
373 1924 417 1970 ex
449 1907 554 1990 cultu,
591 1908 714 1974 fabulis
745 1911 1062 1996 cognominibusque
1088 1910 1229 1995 probata
1253 1925 1405 1993 promere

230 2028 414 2093 possumus.

324 2151 551 2217 Celeberrima
582 2159 677 2218 erant
706 2173 801 2220 sacra
827 2154 955 2220 Dianae
977 2155 1228 2237 Amaryeiae,
1258 2171 1343 2236 qnae
1371 2156 1405 2217 et

233 2258 269 2321 in
297 2259 408 2322 insula
434 2259 572 2325 Euboea
606 2265 640 2324 et
668 2261 868 2326 Athmoniae
902 2263 938 2325 in
969 2279 1054 2345 pago
1080 2261 1207 2340 Attico,
1241 2254 1405 2338 fiebant2).

232 2362 296 2427 Die
319 2364 404 2428 festo
426 2384 582 2449 pompam
613 2367 780 2450 insignem
802 2368 982 2432 militarem
1005 2365 1088 2431 deae
1115 2366 1151 2430 in
1174 2366 1333 2429 honorem
1354 2365 1406 2427 in·

232 2469 423 2552 stituebant‚
448 2475 503 2535 cui
524 2491 591 2537 non
614 2473 721 2537 solum
735 2475 862 2538 milites
882 2475 994 2556 gravis
1010 2475 1197 2536 armaturae
1219 2469 1279 2534 sed
1301 2471 1405 2534 etiam

232 2577 361 2666 equites
378 2582 412 2641 et
426 2578 524 2660 bigae
539 2581 737 2644 intererant:
753 2579 874 2644 deinde
889 2579 961 2644 ludi
975 2579 1138 2644 militares
1154 2582 1188 2641 et
1203 2577 1404 2640 certationes

231 2680 370 2746 fiebant:
401 2683 527 2748 talibus
557 2703 576 2749 e
601 2687 810 2750 caerimoniis
840 2689 931 2749 certe
959 2684 1117 2748 bellicam
1143 2683 1226 2747 deae
1253 2684 1404 2745 naturam

233 2788 392 2871 colligere
419 2807 608 2872 possumus,
642 2809 742 2872 quam
767 2809 838 2854 rem
869 2789 1009 2854 fortasse
1042 2788 1144 2852 etiam
1171 2784 1404 2851 Oolaenidis

232 2913 354 2958 nomen
377 2894 580 2978 comprobat,
609 2895 696 2978 quod
719 2896 819 2964 huius
847 2895 931 2960 deae
954 2912 1137 2976 cognomen
1157 2892 1244 2977 apud
1265 2892 1404 2955 Athmo-

231 2997 361 3064 nenses'
377 3004 457 3064 erat.
494 2999 644 3082 Namque
668 3001 709 3064 ad
730 2996 847 3063 notato
868 2998 904 3081 (i.
921 3019 949 3064 e.
971 2999 1076 3083 gladii
1092 2996 1259 3082 vaginam)
1281 3013 1404 3061 nomen

232 3104 358 3170 referre
380 3123 448 3170 non
468 3107 568 3190 plane
590 3109 741 3190 ineptum
763 3106 848 3169 mihi
868 3106 1011 3170 ridetur.

320 3245 542 3329 Praecipuum
574 3250 685 3311 autem
717 3247 816 3309 huius
845 3244 973 3309 Dianae
1007 3244 1189 3310 bellicosae
1222 3261 1403 3328 cognomen

234 3357 305 3418 erat
332 3353 547 3436 Agrotera,
584 3353 670 3434 quod
698 3370 820 3416 nomen
846 3370 914 3414 non
943 3350 984 3415 ab
1013 3342 1126 3431 ἀγρός,
1158 3349 1218 3414 sed
1247 3349 1288 3413 ab
1320 3343 1405 3427 ἄγρα

233 3458 438 3524 declinatum
461 3477 535 3523 esse
556 3457 698 3542 videtur,
722 3475 806 3540 quae
828 3476 895 3520 vox
917 3454 1077 3520 Goebelio
1099 3452 1197 3536 (Lex.
1211 3451 1256 3535 11,
1278 3474 1309 3537 p.
1325 3450 1403 3532 625)

234 3571 368 3632 auctore
398 3566 531 3652 proprie
558 3567 792 3648 pernicitatem
822 3580 939 3628 cursus
966 3559 1140 3644 significat
1184 3558 1294 3623 Huius
1320 3556 1404 3620 deae

235 3672 395 3738 attributa
422 3674 492 3738 tela
518 3677 610 3755 sunt,
640 3671 759 3754 quibus
787 3669 969 3735 mortiferis
996 3666 1226 3731 instrumentis
1253 3683 1316 3728 nsa
1336 3681 1404 3727 non

234 3782 342 3847 solum
372 3780 543 3845 venationi
576 3771 795 3862 praesidetb,
831 3775 892 3840 sed
923 3775 1025 3839 etiam
1056 3773 1155 3838 bello.
1209 3769 1338 3834 Dianae
1371 3771 1406 3832 et

233 3887 376 3968 Enyalio
398 3885 541 3950 Athenis
564 3884 664 3949 archo
690 3884 923 3968 polemarohus
952 3879 1129 3964 quotannis
1157 3870 1405 3954 sacrificabat4).

237 3991 399 4058 Similiter
412 3989 670 4055 Lacedaemonii
692 3994 769 4054 ante
791 3990 910 4054 initam
931 4005 1076 4071 pugnam
1090 3981 1217 4049 Dianae
1231 3982 1404 4047 immolare

309 4263 330 4332 ¹)
350 4264 454 4322 Phoen.
471 4283 498 4321 r.
518 4261 578 4331 109,
598 4263 658 4329 151,
677 4262 736 4331 175,
756 4260 807 4317 190
824 4277 886 4329 sqq.

308 4350 331 4420 ¹)
349 4353 380 4409 P.
398 4351 420 4420 1,
439 4352 483 4419 31,
499 4353 526 4418 4,
544 4353 570 4408 5.

309 4437 331 4508 ⁸)
348 4440 478 4510 Xenoph.
496 4439 565 4510 Cyn.
583 4438 632 4507 VI,
651 4439 694 4497 13.

308 4525 332 4598 ⁴)
350 4527 422 4585 Poll.
439 4527 515 4595 VIII,
534 4526 578 4585 91.
