3367 5192
817 355 880 418 102

262 561 438 648 possum1'),
464 583 539 628 cum
561 565 650 627 inter
664 562 897 644 Hymenaeum
913 566 947 627 et
961 562 1123 643 hymnum
1137 563 1279 626 multum
1294 563 1435 655 intersit.

258 669 380 751 itaque
396 667 545 750 Hymnia
569 668 631 732 dea
653 669 747 732 nulla
769 669 835 731 alia
858 672 918 750 est,
942 687 1042 750 quam
1064 685 1112 749 ea,
1136 685 1222 747 quae
1238 667 1279 730 ad
1297 667 1436 747 hymnos

261 774 504 858 componendos
521 778 555 838 01
571 773 736 838 canendos
751 775 881 855 incitat,
905 776 940 838 et
955 773 1032 836 talis
1047 772 1111 836 dea
1125 778 1260 855 propter
1275 775 1436 842 musicam

259 881 406 945 indolem
439 879 546 943 Diana
579 883 630 943 est
662 899 681 942 a
712 877 818 942 Musis
851 897 918 942 non
950 879 1090 943 divorsa.
1147 878 1312 942 Camenae
1344 879 1434 942 enim

262 986 378 1050 eadem
409 987 537 1048 ratione
570 1004 589 1046 a
623 984 826 1049 carminibus
858 1002 982 1047 nomen
1014 983 1196 1066 duxerunt,
1231 1003 1296 1065 qua
1329 981 1437 1045 Diana

259 1091 408 1172 Hymnia
431 1090 471 1154 ab
496 1091 638 1170 hymnis,

346 1197 401 1261 Sic
417 1199 517 1262 etiam
534 1196 736 1260 Graecorum
751 1195 792 1254 M
803 1193 936 1282 adaco,
958 1213 1032 1258 cum
1049 1213 1164 1258 earum
1178 1199 1297 1257 natura
1307 1194 1435 1258 Dianae

262 1303 434 1368 simillima
458 1304 513 1384 sit,
545 1301 586 1364 ad
610 1302 702 1364 hano
721 1300 987 1381 antiquissimam
1014 1299 1111 1362 deam
1132 1299 1328 1364 referendae
1351 1300 1436 1364 mihi

260 1409 424 1472 videntur.
459 1405 610 1488 Namque
635 1406 736 1468 etiam
750 1402 979 1487 Nympharum
1002 1406 1038 1468 11
1054 1405 1170 1469 ordine
1185 1401 1436 1497 habebantur2),

263 1533 345 1596 quas
375 1512 546 1595 Nymphas
582 1530 626 1574 ex
656 1511 814 1574 rmiversa
845 1509 972 1573 Dianae
1001 1515 1121 1574 101111
1153 1531 1305 1575 manasse
1335 1531 1437 1595 supra

260 1619 554 1702 comprobavimus.
613 1615 732 1697 Itaque
765 1614 894 1679 Musam
928 1617 1058 1680 conicio
1091 1619 1295 1682 nominatam
1330 1619 1435 1682 fuisse

261 1725 425 1807 quondam
455 1723 720 1803 antiquissimam
751 1723 943 1802 nabrralem
968 1723 1082 1805 deam,
1115 1722 1176 1786 ubi
1208 1724 1373 1808 imprimis
1399 1726 1437 1787 in

154 1891 159 1903 ,
259 1830 476 1896 conficiendis
506 1827 709 1892 carminibus
741 1831 775 1890 et
803 1828 961 1892 canendis
991 1829 1138 1892 adiutrix
1163 1829 1350 1912 putabatur.
1394 1829 1436 1893 Iu

259 1940 323 2000 hac
345 1957 383 2000 10
408 1936 618 2000 Carmentam
640 1933 865 1997 Romanorum
893 1934 1043 1998 conferre
1067 1936 1162 2017 licet,
1193 1955 1279 2018 quae
1310 1937 1436 1999 avati·

260 2043 401 2108 cinando
429 2043 598 2104 nominata
628 2040 729 2103 simul
762 2041 1026 2122 parturientibus
1055 2041 1191 2104 feminis
1220 2061 1318 2124 opem
1347 2042 1434 2105 ferre

257 2148 449 2232 putabatur,
483 2166 548 2228 qua
579 2148 616 2208 in
641 2146 805 2228 religione
829 2143 956 2210 Dianae
985 2147 1042 2209 101
1063 2145 1223 2228 Ilithyiae
1253 2147 1434 2211 similitudo

259 2257 340 2320 satis
371 2258 522 2338 apparet,
554 2270 753 2333 quamquam
783 2251 867 2314 illud
897 2271 1017 2316 nomen
1040 2257 1169 2316 tantum
1192 2256 1357 2317 musicam
1380 2255 1436 2317 101

257 2357 496 2424 vaticinantem
537 2357 635 2420 deam
674 2357 848 2440 significat.
912 2354 983 2421 Nec
1021 2377 1097 2421 oum
1134 2359 1434 2442 multiplicationes

256 2472 389 2530 nostrae
414 2464 496 2528 doae
522 2481 621 2546 saepe
645 2463 713 2524 iam
734 2463 960 2524 notaverimus
983 2461 1196 2543 offendimur,
1228 2465 1316 2546 quod
1339 2463 1435 2527 Musa

257 2590 387 2655 quoque
418 2569 640 2652 multiplicata
669 2571 727 2631 est.
773 2565 873 2630 Suam
901 2569 991 2630 enim
1020 2570 1160 2650 quisque
1182 2573 1282 2652 poeta
1304 2568 1434 2633 Musam

246 2677 391 2742 colebat
423 2665 540 2739 eodem
561 2678 673 2759 pacto,
703 2691 767 2754 quo
795 2671 921 2735 femina
949 2692 1043 2737 suam
1071 2693 1222 2756 quaeque
1251 2673 1433 2756 Ilithyiam.

257 2783 378 2848 Postea
401 2800 480 2845 vero
505 2779 689 2844 secundum
712 2779 822 2861 poesis
845 2797 970 2860 genera
991 2799 1114 2842 norem
1134 2783 1342 2864 excogitatas
1359 2799 1433 2845 esse

254 2889 368 2952 Musas
391 2889 473 2951 satis
494 2890 609 2950 notum
625 2888 677 2948 est
691 2902 801 2965 neque
818 2883 860 2945 ad
875 2884 960 2946 hanc
977 2884 1235 2967 disputationem
1252 2886 1434 2968 quidquam

257 2997 392 3077 attinet,
424 3007 499 3056 cum
527 2992 631 3055 multo
658 2991 842 3072 posteriore
871 2992 980 3053 aetate
1007 2991 1090 3054 haec
1113 2990 1298 3054 officiorum
1322 2991 1433 3055 distri·

256 3101 350 3164 butio
374 3098 464 3161 facta
487 3098 544 3173 sit,
575 3115 675 3177 quam
699 3116 763 3178 quo
778 3095 949 3160 Musarum
974 3099 1083 3161 cultus
1108 3102 1198 3161 ortus
1222 3103 1282 3164 est.
1331 3099 1433 3163 Cuius

256 3206 431 3288 religionis
464 3203 733 3283 antiquissimum
765 3209 860 3267 extat
897 3206 1137 3286 testimonium,
1175 3223 1251 3268 oum
1282 3204 1433 3267 tradatur

257 3311 402 3376 Thracas
433 3307 625 3390 Pelasgicos
653 3307 766 3373 Musas
795 3310 942 3373 maxime
974 3311 1132 3392 coluisse,
1166 3329 1232 3392 qua
1260 3311 1301 3373 do
1330 3313 1431 3392 gente

256 3416 408 3480 familiae
436 3419 528 3478 ortae
560 3418 666 3497 erant,
702 3433 786 3496 quae
820 3416 990 3479 oraculum
1018 3415 1199 3496 Pythicum
1228 3415 1431 3496 obtinebant,

258 3519 414 3602 Θρακίόαι
430 3515 604 3601 10111103).
638 3521 718 3586 Cum
735 3522 801 3584 iam
814 3520 954 3604 Delphis
971 3523 1211 3601 antiquissimis
1227 3521 1432 3603 temporibus

255 3627 418 3695 1111111111
432 3627 514 3692 deae
528 3628 654 3691 cultum
665 3627 818 3692 floruisse
830 3627 927 3691 modo
940 3627 1274 3710 comprobaverimus,
1289 3626 1432 3691 eundem

253 3734 352 3797 illum
387 3732 559 3797 Musarum
588 3735 713 3798 cultum
750 3733 855 3797 fuisse
890 3738 989 3813 atque
1024 3733 1112 3796 hunc
1141 3732 1344 3816 Delphicum
1376 3733 1433 3794 101

255 3857 390 3904 omnem
429 3838 633 3904 Graecarum
676 3840 826 3922 gentium
869 3839 1134 3902 vetustissimum
1176 3840 1257 3902 satis
1296 3842 1432 3901 constat.

255 3944 374 4028 Itaque
390 3943 507 4009 Musae
531 3947 632 4009 otiam
647 3943 775 4008 Dianae
797 3945 991 4008 muneribus
1013 3944 1181 4008 interdum
1195 3943 1430 4026 fungebantur,

328 4223 350 4291 ¹)
370 4225 498 4289 Braun‚
522 4224 644 4280 Artemis
661 4224 784 4294 Hymnie
806 4226 864 4279 und
882 4224 1006 4293 Apellen
1029 4226 1082 4281 mit·
1106 4226 1169 4280 dem
1188 4225 1347 4289 Armband‚
1369 4225 1432 4278 aine

254 4312 535 4384 Spiepelaeichnung.
571 4309 611 4367 4⁰.
649 4311 726 4366 1842.
1097 4308 1099 4313 '

330 4398 351 4466 ²)
369 4400 404 4455 cf.
423 4400 570 4464 Prcllcr‚
588 4399 680 4469 Myth.
698 4398 745 4454 Gr.
764 4397 785 4464 Ι,
800 4417 831 4468 p.
850 4400 912 4454 400.

330 4485 351 4552 ⁸)
370 4487 522 4544 nicasia
543 4489 584 4555 16,
602 4488 646 4544 24.
