<?xml version="1.0" encoding="UTF-8"?>
<!DOCTYPE html PUBLIC "-//W3C//DTD XHTML 1.0 Transitional//EN"
    "http://www.w3.org/TR/xhtml1/DTD/xhtml1-transitional.dtd">
<html xmlns="http://www.w3.org/1999/xhtml" xml:lang="en" lang="en">
 <head>
  <title>
</title>
<meta http-equiv="Content-Type" content="text/html;charset=utf-8" />
  <meta name='ocr-system' content='tesseract 3.04.00' />
  <meta name='ocr-capabilities' content='ocr_page ocr_carea ocr_par ocr_line ocrx_word'/>
</head>
<body>
  <div class='ocr_page' id='page_1' title='image "./dedianaeantiqui01claugoog_0066.png"; bbox 0 0 3367 5192; ppageno 0'>
   <div class='ocr_carea' id='block_1_1' title="bbox 282 362 1463 3402">
    <p class='ocr_par' dir='ltr' id='par_1_1' title="bbox 285 362 1462 1182">
     <span class='ocr_line' id='line_1_1' title="bbox 853 362 895 424; baseline 0.048 -2"><span class='ocrx_word' id='word_1_1' title='bbox 853 362 895 424; x_wconf 83' lang='lat'><strong>58</strong></span> 
     </span>
     <span class='ocr_line' id='line_1_2' title="bbox 287 567 1460 655; baseline -0.002 -20"><span class='ocrx_word' id='word_1_2' title='bbox 287 571 474 654; x_wconf 76' lang='lat' dir='ltr'><strong>puellarum</strong></span> <span class='ocrx_word' id='word_1_3' title='bbox 497 572 641 635; x_wconf 87' lang='lat' dir='ltr'><strong>canistra</strong></span> <span class='ocrx_word' id='word_1_4' title='bbox 663 571 843 636; x_wconf 90' lang='lat' dir='ltr'><strong>ferentium</strong></span> <span class='ocrx_word' id='word_1_5' title='bbox 872 572 1034 655; x_wconf 79' lang='lat' dir='ltr'>singulari</span> <span class='ocrx_word' id='word_1_6' title='bbox 1062 591 1154 636; x_wconf 91' lang='lat' dir='ltr'><strong>more</strong></span> <span class='ocrx_word' id='word_1_7' title='bbox 1178 567 1460 649; x_wconf 77' lang='lat' dir='ltr'><strong>exercebantur1).</strong></span> 
     </span>
     <span class='ocr_line' id='line_1_3' title="bbox 289 673 1462 761; baseline 0.001 -21"><span class='ocrx_word' id='word_1_8' title='bbox 289 673 494 759; x_wconf 79' lang='lat' dir='ltr'><strong>Quamquam</strong></span> <span class='ocrx_word' id='word_1_9' title='bbox 521 678 577 741; x_wconf 89' lang='lat' dir='ltr'><strong>hic</strong></span> <span class='ocrx_word' id='word_1_10' title='bbox 599 696 671 742; x_wconf 89' lang='lat' dir='ltr'><strong>mos</strong></span> <span class='ocrx_word' id='word_1_11' title='bbox 694 679 844 743; x_wconf 87' lang='lat' dir='ltr'><strong>Asiatico</strong></span> <span class='ocrx_word' id='word_1_12' title='bbox 876 679 996 742; x_wconf 90' lang='lat' dir='ltr'><strong>similis</strong></span> <span class='ocrx_word' id='word_1_13' title='bbox 1018 678 1091 761; x_wconf 87' lang='lat' dir='ltr'><strong>fuit,</strong></span> <span class='ocrx_word' id='word_1_14' title='bbox 1119 683 1232 742; x_wconf 90' lang='lat' dir='ltr'><strong>tamen</strong></span> <span class='ocrx_word' id='word_1_15' title='bbox 1255 696 1299 742; x_wconf 86' lang='lat' dir='ltr'><strong>ex</strong></span> <span class='ocrx_word' id='word_1_16' title='bbox 1322 676 1381 740; x_wconf 90' lang='lat' dir='ltr'><strong>illo</strong></span> <span class='ocrx_word' id='word_1_17' title='bbox 1404 676 1462 741; x_wconf 88' lang='lat' dir='ltr'><strong>de·</strong></span> 
     </span>
     <span class='ocr_line' id='line_1_4' title="bbox 286 780 1460 867; baseline -0.002 -21"><span class='ocrx_word' id='word_1_18' title='bbox 286 783 461 847; x_wconf 85' lang='lat' dir='ltr'><strong>rivaudum</strong></span> <span class='ocrx_word' id='word_1_19' title='bbox 492 802 569 848; x_wconf 90' lang='lat' dir='ltr'><strong>eum</strong></span> <span class='ocrx_word' id='word_1_20' title='bbox 593 801 758 848; x_wconf 89' lang='lat' dir='ltr'><strong>essenon</strong></span> <span class='ocrx_word' id='word_1_21' title='bbox 787 780 964 867; x_wconf 59' lang='lat' dir='ltr'><strong>probent,</strong></span> <span class='ocrx_word' id='word_1_22' title='bbox 995 803 1071 848; x_wconf 88' lang='lat' dir='ltr'><strong>cum</strong></span> <span class='ocrx_word' id='word_1_23' title='bbox 1101 802 1310 848; x_wconf 90' lang='lat' dir='ltr'><strong>communem</strong></span> <span class='ocrx_word' id='word_1_24' title='bbox 1332 781 1460 846; x_wconf 89' lang='lat' dir='ltr'><strong>Dianae</strong></span> 
     </span>
     <span class='ocr_line' id='line_1_5' title="bbox 288 887 1460 974; baseline -0.001 -24"><span class='ocrx_word' id='word_1_25' title='bbox 288 887 414 952; x_wconf 90' lang='lat' dir='ltr'><strong>cultum</strong></span> <span class='ocrx_word' id='word_1_26' title='bbox 436 889 621 970; x_wconf 89' lang='lat' dir='ltr'><strong>antiquitus</strong></span> <span class='ocrx_word' id='word_1_27' title='bbox 646 893 680 953; x_wconf 90' lang='lat' dir='ltr'><strong>et</strong></span> <span class='ocrx_word' id='word_1_28' title='bbox 693 887 866 971; x_wconf 81' lang='lat' dir='ltr'><strong>Phrygum</strong></span> <span class='ocrx_word' id='word_1_29' title='bbox 882 894 917 953; x_wconf 90' lang='lat' dir='ltr'><strong>ot</strong></span> <span class='ocrx_word' id='word_1_30' title='bbox 930 888 1146 974; x_wconf 77' lang='lat' dir='ltr'><strong>Pelasgorum</strong></span> <span class='ocrx_word' id='word_1_31' title='bbox 1169 889 1274 953; x_wconf 87' lang='lat' dir='ltr'><strong>fuisse</strong></span> <span class='ocrx_word' id='word_1_32' title='bbox 1299 905 1460 952; x_wconf 89' lang='lat' dir='ltr'><strong>censeam.</strong></span> 
     </span>
     <span class='ocr_line' id='line_1_6' title="bbox 285 991 1462 1075; baseline 0.001 -20"><span class='ocrx_word' id='word_1_33' title='bbox 285 991 436 1058; x_wconf 89' lang='lat' dir='ltr'><strong>Priscam</strong></span> <span class='ocrx_word' id='word_1_34' title='bbox 460 995 550 1058; x_wconf 91' lang='lat' dir='ltr'><strong>enim</strong></span> <span class='ocrx_word' id='word_1_35' title='bbox 572 995 712 1058; x_wconf 84' lang='lat' dir='ltr'><strong>formam</strong></span> <span class='ocrx_word' id='word_1_36' title='bbox 735 1013 801 1058; x_wconf 90' lang='lat' dir='ltr'><strong>uon</strong></span> <span class='ocrx_word' id='word_1_37' title='bbox 827 995 933 1059; x_wconf 91' lang='lat' dir='ltr'><strong>solum</strong></span> <span class='ocrx_word' id='word_1_38' title='bbox 958 995 1076 1075; x_wconf 44' lang='lat' dir='ltr'><strong>cultus,</strong></span> <span class='ocrx_word' id='word_1_39' title='bbox 1091 996 1150 1060; x_wconf 88' lang='lat' dir='ltr'><strong>sed</strong></span> <span class='ocrx_word' id='word_1_40' title='bbox 1166 997 1268 1059; x_wconf 90' lang='lat' dir='ltr'><strong>etiam</strong></span> <span class='ocrx_word' id='word_1_41' title='bbox 1284 993 1462 1058; x_wconf 91' lang='lat' dir='ltr'><strong>simulacra</strong></span> 
     </span>
     <span class='ocr_line' id='line_1_7' title="bbox 288 1097 968 1182; baseline 0.004 -20"><span class='ocrx_word' id='word_1_42' title='bbox 288 1097 370 1162; x_wconf 87' lang='lat' dir='ltr'><strong>deae</strong></span> <span class='ocrx_word' id='word_1_43' title='bbox 394 1100 450 1162; x_wconf 90' lang='lat' dir='ltr'><strong>vel</strong></span> <span class='ocrx_word' id='word_1_44' title='bbox 474 1100 561 1182; x_wconf 88' lang='lat' dir='ltr'><strong>apud</strong></span> <span class='ocrx_word' id='word_1_45' title='bbox 585 1099 730 1165; x_wconf 79' lang='lat' dir='ltr'><strong>Graecos</strong></span> <span class='ocrx_word' id='word_1_46' title='bbox 754 1101 968 1165; x_wconf 81' lang='lat' dir='ltr'><strong>exhibebant.</strong></span> 
     </span>
    </p>

    <p class='ocr_par' dir='ltr' id='par_1_2' title="bbox 282 1206 1463 3402">
     <span class='ocr_line' id='line_1_8' title="bbox 375 1206 1461 1288; baseline -0.001 -20"><span class='ocrx_word' id='word_1_47' title='bbox 375 1206 621 1287; x_wconf 80' lang='lat' dir='ltr'><strong>Antiquissima</strong></span> <span class='ocrx_word' id='word_1_48' title='bbox 659 1207 758 1270; x_wconf 90' lang='lat' dir='ltr'><strong>huius</strong></span> <span class='ocrx_word' id='word_1_49' title='bbox 795 1208 959 1271; x_wconf 86' lang='lat' dir='ltr'><strong>naturalis</strong></span> <span class='ocrx_word' id='word_1_50' title='bbox 993 1208 1076 1272; x_wconf 88' lang='lat' dir='ltr'><strong>deae</strong></span> <span class='ocrx_word' id='word_1_51' title='bbox 1110 1208 1207 1287; x_wconf 84' lang='lat' dir='ltr'><strong>signa</strong></span> <span class='ocrx_word' id='word_1_52' title='bbox 1239 1225 1307 1271; x_wconf 90' lang='lat' dir='ltr'><strong>non</strong></span> <span class='ocrx_word' id='word_1_53' title='bbox 1339 1223 1461 1288; x_wconf 90' lang='lat' dir='ltr'><strong>magna</strong></span> 
     </span>
     <span class='ocr_line' id='line_1_9' title="bbox 286 1310 1461 1397; baseline 0 -24"><span class='ocrx_word' id='word_1_54' title='bbox 286 1328 395 1391; x_wconf 88' lang='lat' dir='ltr'><strong>neque</strong></span> <span class='ocrx_word' id='word_1_55' title='bbox 417 1311 557 1393; x_wconf 90' lang='lat' dir='ltr'><strong>pulchra</strong></span> <span class='ocrx_word' id='word_1_56' title='bbox 582 1315 684 1393; x_wconf 88' lang='lat' dir='ltr'><strong>erant,</strong></span> <span class='ocrx_word' id='word_1_57' title='bbox 708 1312 809 1374; x_wconf 90' lang='lat' dir='ltr'><strong>immo</strong></span> <span class='ocrx_word' id='word_1_58' title='bbox 831 1330 936 1394; x_wconf 83' lang='lat' dir='ltr'><strong>parra</strong></span> <span class='ocrx_word' id='word_1_59' title='bbox 958 1331 997 1376; x_wconf 90' lang='lat' dir='ltr'><strong>ac</strong></span> <span class='ocrx_word' id='word_1_60' title='bbox 1020 1312 1091 1377; x_wconf 84' lang='lat' dir='ltr'><strong>lere</strong></span> <span class='ocrx_word' id='word_1_61' title='bbox 1115 1310 1229 1397; x_wconf 80' lang='lat' dir='ltr'><strong>inepta</strong></span> <span class='ocrx_word' id='word_1_62' title='bbox 1251 1312 1312 1376; x_wconf 89' lang='lat' dir='ltr'><strong>sed</strong></span> <span class='ocrx_word' id='word_1_63' title='bbox 1333 1329 1461 1376; x_wconf 90' lang='lat' dir='ltr'><strong>summa</strong></span> 
     </span>
     <span class='ocr_line' id='line_1_10' title="bbox 286 1415 1461 1500; baseline 0.002 -22"><span class='ocrx_word' id='word_1_64' title='bbox 286 1417 464 1479; x_wconf 78' lang='lat' dir='ltr'><strong>sanctitate</strong></span> <span class='ocrx_word' id='word_1_65' title='bbox 487 1415 705 1480; x_wconf 86' lang='lat' dir='ltr'><strong>habebantur.</strong></span> <span class='ocrx_word' id='word_1_66' title='bbox 748 1415 883 1481; x_wconf 80' lang='lat' dir='ltr'><strong>Etenim</strong></span> <span class='ocrx_word' id='word_1_67' title='bbox 906 1417 1039 1500; x_wconf 81' lang='lat' dir='ltr'><strong>ligneae</strong></span> <span class='ocrx_word' id='word_1_68' title='bbox 1058 1418 1172 1482; x_wconf 87' lang='lat' dir='ltr'><strong>trabes</strong></span> <span class='ocrx_word' id='word_1_69' title='bbox 1193 1421 1302 1499; x_wconf 90' lang='lat' dir='ltr'><strong>erant,</strong></span> <span class='ocrx_word' id='word_1_70' title='bbox 1333 1419 1370 1480; x_wconf 93' lang='lat' dir='ltr'><strong>in</strong></span> <span class='ocrx_word' id='word_1_71' title='bbox 1392 1419 1461 1498; x_wconf 90' lang='lat' dir='ltr'><strong>qui·</strong></span> 
     </span>
     <span class='ocr_line' id='line_1_11' title="bbox 286 1521 1462 1606; baseline 0.001 -21"><span class='ocrx_word' id='word_1_72' title='bbox 286 1521 349 1586; x_wconf 90' lang='lat' dir='ltr'><strong>bus</strong></span> <span class='ocrx_word' id='word_1_73' title='bbox 376 1522 488 1586; x_wconf 90' lang='lat' dir='ltr'><strong>vultus</strong></span> <span class='ocrx_word' id='word_1_74' title='bbox 520 1525 554 1585; x_wconf 90' lang='lat' dir='ltr'><strong>et</strong></span> <span class='ocrx_word' id='word_1_75' title='bbox 576 1540 739 1586; x_wconf 87' lang='lat' dir='ltr'><strong>mammae</strong></span> <span class='ocrx_word' id='word_1_76' title='bbox 767 1541 867 1606; x_wconf 89' lang='lat' dir='ltr'><strong>supra</strong></span> <span class='ocrx_word' id='word_1_77' title='bbox 896 1525 1045 1588; x_wconf 79' lang='lat' dir='ltr'><strong>caelatae</strong></span> <span class='ocrx_word' id='word_1_78' title='bbox 1067 1524 1270 1605; x_wconf 88' lang='lat' dir='ltr'><strong>brachiaque</strong></span> <span class='ocrx_word' id='word_1_79' title='bbox 1299 1523 1462 1587; x_wconf 85' lang='lat' dir='ltr'><strong>ecubitis</strong></span> 
     </span>
     <span class='ocr_line' id='line_1_12' title="bbox 290 1627 1463 1713; baseline 0.003 -23"><span class='ocrx_word' id='word_1_80' title='bbox 290 1627 446 1710; x_wconf 83' lang='lat' dir='ltr'><strong>dispansa</strong></span> <span class='ocrx_word' id='word_1_81' title='bbox 469 1633 574 1694; x_wconf 87' lang='lat' dir='ltr'><strong>erant.</strong></span> <span class='ocrx_word' id='word_1_82' title='bbox 620 1630 748 1692; x_wconf 86' lang='lat' dir='ltr'><strong>Venter</strong></span> <span class='ocrx_word' id='word_1_83' title='bbox 770 1633 881 1693; x_wconf 91' lang='lat' dir='ltr'><strong>autem</strong></span> <span class='ocrx_word' id='word_1_84' title='bbox 906 1633 940 1692; x_wconf 93' lang='lat' dir='ltr'><strong>et</strong></span> <span class='ocrx_word' id='word_1_85' title='bbox 961 1630 1064 1713; x_wconf 90' lang='lat' dir='ltr'><strong>pedes</strong></span> <span class='ocrx_word' id='word_1_86' title='bbox 1086 1629 1204 1693; x_wconf 81' lang='lat' dir='ltr'><strong>infulis</strong></span> <span class='ocrx_word' id='word_1_87' title='bbox 1226 1633 1299 1693; x_wconf 88' lang='lat' dir='ltr'><strong>arto</strong></span> <span class='ocrx_word' id='word_1_88' title='bbox 1322 1631 1463 1693; x_wconf 91' lang='lat' dir='ltr'><strong>circum·</strong></span> 
     </span>
     <span class='ocr_line' id='line_1_13' title="bbox 289 1733 1461 1817; baseline 0.002 -21"><span class='ocrx_word' id='word_1_89' title='bbox 289 1733 384 1816; x_wconf 86' lang='lat' dir='ltr'><strong>ligati</strong></span> <span class='ocrx_word' id='word_1_90' title='bbox 409 1737 511 1815; x_wconf 84' lang='lat' dir='ltr'><strong>erant,</strong></span> <span class='ocrx_word' id='word_1_91' title='bbox 535 1737 573 1796; x_wconf 92' lang='lat' dir='ltr'><strong>ut</strong></span> <span class='ocrx_word' id='word_1_92' title='bbox 596 1734 700 1798; x_wconf 87' lang='lat' dir='ltr'><strong>stelae</strong></span> <span class='ocrx_word' id='word_1_93' title='bbox 727 1735 961 1817; x_wconf 89' lang='lat' dir='ltr'><strong>potiusquam</strong></span> <span class='ocrx_word' id='word_1_94' title='bbox 990 1736 1134 1799; x_wconf 88' lang='lat' dir='ltr'><strong>hominis</strong></span> <span class='ocrx_word' id='word_1_95' title='bbox 1156 1737 1303 1817; x_wconf 86' lang='lat' dir='ltr'><strong>speciem</strong></span> <span class='ocrx_word' id='word_1_96' title='bbox 1331 1738 1461 1798; x_wconf 86' lang='lat' dir='ltr'><strong>statuae</strong></span> 
     </span>
     <span class='ocr_line' id='line_1_14' title="bbox 286 1838 1462 1922; baseline 0.002 -22"><span class='ocrx_word' id='word_1_97' title='bbox 286 1838 493 1922; x_wconf 85' lang='lat' dir='ltr'><strong>praeberent.</strong></span> <span class='ocrx_word' id='word_1_98' title='bbox 545 1839 626 1903; x_wconf 78' lang='lat' dir='ltr'><strong>(ium</strong></span> <span class='ocrx_word' id='word_1_99' title='bbox 649 1858 729 1904; x_wconf 88' lang='lat' dir='ltr'><strong>vero</strong></span> <span class='ocrx_word' id='word_1_100' title='bbox 751 1841 846 1904; x_wconf 82' lang='lat' dir='ltr'><strong>varia</strong></span> <span class='ocrx_word' id='word_1_101' title='bbox 868 1840 950 1904; x_wconf 92' lang='lat' dir='ltr'><strong>deae</strong></span> <span class='ocrx_word' id='word_1_102' title='bbox 975 1841 1152 1904; x_wconf 89' lang='lat' dir='ltr'><strong>simulacra</strong></span> <span class='ocrx_word' id='word_1_103' title='bbox 1176 1844 1339 1921; x_wconf 84' lang='lat' dir='ltr'><strong>extarent,</strong></span> <span class='ocrx_word' id='word_1_104' title='bbox 1368 1840 1462 1904; x_wconf 85' lang='lat' dir='ltr'><strong>velut</strong></span> 
     </span>
     <span class='ocr_line' id='line_1_15' title="bbox 290 1941 1462 2030; baseline -0.001 -22"><span class='ocrx_word' id='word_1_105' title='bbox 290 1944 437 2008; x_wconf 86' lang='lat' dir='ltr'><strong>sedentis</strong></span> <span class='ocrx_word' id='word_1_106' title='bbox 464 1945 500 2007; x_wconf 92' lang='lat' dir='ltr'><strong>in</strong></span> <span class='ocrx_word' id='word_1_107' title='bbox 523 1941 636 2025; x_wconf 77' lang='lat' dir='ltr'><strong>solio³l</strong></span> <span class='ocrx_word' id='word_1_108' title='bbox 668 1945 780 2027; x_wconf 91' lang='lat' dir='ltr'><strong>qualia</strong></span> <span class='ocrx_word' id='word_1_109' title='bbox 809 1947 891 2009; x_wconf 88' lang='lat' dir='ltr'><strong>satis</strong></span> <span class='ocrx_word' id='word_1_110' title='bbox 922 1947 1026 2009; x_wconf 87' lang='lat' dir='ltr'><strong>multa</strong></span> <span class='ocrx_word' id='word_1_111' title='bbox 1055 1947 1234 2030; x_wconf 89' lang='lat' dir='ltr'><strong>praecipue</strong></span> <span class='ocrx_word' id='word_1_112' title='bbox 1265 1947 1301 2008; x_wconf 93' lang='lat' dir='ltr'><strong>in</strong></span> <span class='ocrx_word' id='word_1_113' title='bbox 1324 1944 1462 2009; x_wconf 85' lang='lat' dir='ltr'><strong>Boeotia</strong></span> 
     </span>
     <span class='ocr_line' id='line_1_16' title="bbox 285 2044 1462 2135; baseline 0.001 -23"><span class='ocrx_word' id='word_1_114' title='bbox 285 2068 392 2132; x_wconf 88' lang='lat' dir='ltr'><strong>nuper</strong></span> <span class='ocrx_word' id='word_1_115' title='bbox 414 2054 547 2132; x_wconf 88' lang='lat' dir='ltr'><strong>reperta</strong></span> <span class='ocrx_word' id='word_1_116' title='bbox 570 2048 686 2132; x_wconf 78' lang='lat' dir='ltr'><strong>sunt⁴l,</strong></span> <span class='ocrx_word' id='word_1_117' title='bbox 716 2052 789 2134; x_wconf 86' lang='lat' dir='ltr'><strong>illa,</strong></span> <span class='ocrx_word' id='word_1_118' title='bbox 815 2070 901 2133; x_wconf 86' lang='lat' dir='ltr'><strong>quae</strong></span> <span class='ocrx_word' id='word_1_119' title='bbox 916 2051 1013 2116; x_wconf 94' lang='lat' dir='ltr'><strong>modo</strong></span> <span class='ocrx_word' id='word_1_120' title='bbox 1029 2052 1199 2135; x_wconf 76' lang='lat' dir='ltr'><strong>descripsi,</strong></span> <span class='ocrx_word' id='word_1_121' title='bbox 1222 2044 1321 2130; x_wconf 76' lang='grc' dir='ltr'><strong><em>ὄρθια</em></strong></span> <span class='ocrx_word' id='word_1_122' title='bbox 1335 2050 1462 2134; x_wconf 90' lang='lat' dir='ltr'><strong>appoll·</strong></span> 
     </span>
     <span class='ocr_line' id='line_1_17' title="bbox 287 2152 1460 2240; baseline 0.001 -23"><span class='ocrx_word' id='word_1_123' title='bbox 287 2155 437 2238; x_wconf 79' lang='lat' dir='ltr'><strong>abanim,</strong></span> <span class='ocrx_word' id='word_1_124' title='bbox 453 2155 541 2219; x_wconf 90' lang='lat' dir='ltr'><strong>unde</strong></span> <span class='ocrx_word' id='word_1_125' title='bbox 558 2175 741 2239; x_wconf 84' lang='lat' dir='ltr'><strong>cognomen</strong></span> <span class='ocrx_word' id='word_1_126' title='bbox 755 2158 866 2240; x_wconf 90' lang='lat' dir='ltr'><strong>ipsum</strong></span> <span class='ocrx_word' id='word_1_127' title='bbox 880 2159 917 2221; x_wconf 89' lang='lat' dir='ltr'><strong>in</strong></span> <span class='ocrx_word' id='word_1_128' title='bbox 931 2157 1073 2221; x_wconf 90' lang='lat' dir='ltr'><strong>Dianam</strong></span> <span class='ocrx_word' id='word_1_129' title='bbox 1084 2155 1251 2221; x_wconf 87' lang='lat' dir='ltr'><strong>Orthiae</strong></span> <span class='ocrx_word' id='word_1_130' title='bbox 1265 2152 1460 2240; x_wconf 68' lang='lat' dir='ltr'><strong>pervenit5).</strong></span> 
     </span>
     <span class='ocr_line' id='line_1_18' title="bbox 286 2258 1460 2347; baseline 0.003 -24"><span class='ocrx_word' id='word_1_131' title='bbox 286 2258 335 2324; x_wconf 82' lang='lat' dir='ltr'><strong>Eo</strong></span> <span class='ocrx_word' id='word_1_132' title='bbox 359 2263 555 2345; x_wconf 88' lang='lat' dir='ltr'><strong>cognomine</strong></span> <span class='ocrx_word' id='word_1_133' title='bbox 575 2261 684 2327; x_wconf 91' lang='lat' dir='ltr'><strong>Diana</strong></span> <span class='ocrx_word' id='word_1_134' title='bbox 707 2263 947 2347; x_wconf 86' lang='lat' dir='ltr'><strong>appellabatur,</strong></span> <span class='ocrx_word' id='word_1_135' title='bbox 971 2282 1056 2345; x_wconf 89' lang='lat' dir='ltr'><strong>quae</strong></span> <span class='ocrx_word' id='word_1_136' title='bbox 1078 2265 1114 2327; x_wconf 92' lang='lat' dir='ltr'><strong>in</strong></span> <span class='ocrx_word' id='word_1_137' title='bbox 1129 2263 1299 2345; x_wconf 85' lang='lat' dir='ltr'><strong>Limnaeo,</strong></span> <span class='ocrx_word' id='word_1_138' title='bbox 1322 2261 1460 2346; x_wconf 86' lang='lat' dir='ltr'><strong>Spartae</strong></span> 
     </span>
     <span class='ocr_line' id='line_1_19' title="bbox 284 2365 1461 2453; baseline 0.002 -23"><span class='ocrx_word' id='word_1_139' title='bbox 284 2367 379 2432; x_wconf 90' lang='lat' dir='ltr'><strong>urbis</strong></span> <span class='ocrx_word' id='word_1_140' title='bbox 410 2369 494 2450; x_wconf 83' lang='lat' dir='ltr'><strong>rico,</strong></span> <span class='ocrx_word' id='word_1_141' title='bbox 527 2368 645 2433; x_wconf 86' lang='lat' dir='ltr'><strong>aedem</strong></span> <span class='ocrx_word' id='word_1_142' title='bbox 675 2365 861 2453; x_wconf 77' lang='lat' dir='ltr'><strong>habebat⁶),</strong></span> <span class='ocrx_word' id='word_1_143' title='bbox 890 2370 950 2433; x_wconf 93' lang='lat' dir='ltr'><strong>ubi</strong></span> <span class='ocrx_word' id='word_1_144' title='bbox 972 2367 1107 2434; x_wconf 87' lang='lat' dir='ltr'><strong>Orestes</strong></span> <span class='ocrx_word' id='word_1_145' title='bbox 1136 2367 1295 2433; x_wconf 79' lang='lat' dir='ltr'><strong>eTauris</strong></span> <span class='ocrx_word' id='word_1_146' title='bbox 1326 2368 1461 2432; x_wconf 89' lang='lat' dir='ltr'><strong>rediens</strong></span> 
     </span>
     <span class='ocr_line' id='line_1_20' title="bbox 286 2472 1460 2558; baseline 0.001 -21"><span class='ocrx_word' id='word_1_147' title='bbox 286 2472 416 2538; x_wconf 89' lang='lat' dir='ltr'><strong>Dianae</strong></span> <span class='ocrx_word' id='word_1_148' title='bbox 452 2474 584 2556; x_wconf 86' lang='lat' dir='ltr'><strong>signum</strong></span> <span class='ocrx_word' id='word_1_149' title='bbox 620 2475 813 2558; x_wconf 78' lang='lat' dir='ltr'><strong>deposuisse</strong></span> <span class='ocrx_word' id='word_1_150' title='bbox 848 2475 1045 2539; x_wconf 86' lang='lat' dir='ltr'><strong>credebatur</strong></span> <span class='ocrx_word' id='word_1_151' title='bbox 1078 2473 1127 2556; x_wconf 87' lang='lat' dir='ltr'><strong>(P.</strong></span> <span class='ocrx_word' id='word_1_152' title='bbox 1149 2472 1211 2556; x_wconf 91' lang='lat' dir='ltr'><strong>III,</strong></span> <span class='ocrx_word' id='word_1_153' title='bbox 1242 2474 1293 2556; x_wconf 85' lang='grc'><strong>16,</strong></span> <span class='ocrx_word' id='word_1_154' title='bbox 1325 2472 1460 2555; x_wconf 77' lang='lat' dir='ltr'><strong>7sqq.),</strong></span> 
     </span>
     <span class='ocr_line' id='line_1_21' title="bbox 286 2577 1462 2663; baseline 0 -22"><span class='ocrx_word' id='word_1_155' title='bbox 286 2577 373 2660; x_wconf 90' lang='lat' dir='ltr'><strong>quod</strong></span> <span class='ocrx_word' id='word_1_156' title='bbox 397 2580 533 2660; x_wconf 90' lang='lat' dir='ltr'><strong>quidem</strong></span> <span class='ocrx_word' id='word_1_157' title='bbox 556 2585 689 2663; x_wconf 89' lang='lat' dir='ltr'><strong>praeter</strong></span> <span class='ocrx_word' id='word_1_158' title='bbox 704 2580 985 2645; x_wconf 86' lang='lat' dir='ltr'><strong>Lacedaemonios</strong></span> <span class='ocrx_word' id='word_1_159' title='bbox 1009 2581 1110 2643; x_wconf 88' lang='lat' dir='ltr'><strong>etiam</strong></span> <span class='ocrx_word' id='word_1_160' title='bbox 1125 2577 1310 2661; x_wconf 91' lang='lat' dir='ltr'><strong>Brauronii,</strong></span> <span class='ocrx_word' id='word_1_161' title='bbox 1335 2579 1462 2662; x_wconf 79' lang='lat' dir='ltr'><strong>(lappa-</strong></span> 
     </span>
     <span class='ocr_line' id='line_1_22' title="bbox 284 2683 1461 2770; baseline 0 -22"><span class='ocrx_word' id='word_1_162' title='bbox 284 2685 396 2767; x_wconf 87' lang='lat' dir='ltr'><strong>doces,</strong></span> <span class='ocrx_word' id='word_1_163' title='bbox 426 2683 515 2766; x_wconf 82' lang='lat' dir='ltr'><strong>Lydi</strong></span> <span class='ocrx_word' id='word_1_164' title='bbox 544 2705 581 2751; x_wconf 92' lang='lat' dir='ltr'><strong>se</strong></span> <span class='ocrx_word' id='word_1_165' title='bbox 612 2687 784 2770; x_wconf 88' lang='lat' dir='ltr'><strong>possidere</strong></span> <span class='ocrx_word' id='word_1_166' title='bbox 817 2686 1041 2751; x_wconf 86' lang='lat' dir='ltr'><strong>autumabant.</strong></span> <span class='ocrx_word' id='word_1_167' title='bbox 1085 2685 1140 2748; x_wconf 78' lang='lat' dir='ltr'><strong>Ex</strong></span> <span class='ocrx_word' id='word_1_168' title='bbox 1167 2686 1231 2748; x_wconf 93' lang='lat' dir='ltr'><strong>hac</strong></span> <span class='ocrx_word' id='word_1_169' title='bbox 1253 2703 1290 2748; x_wconf 93' lang='lat' dir='ltr'><strong>re</strong></span> <span class='ocrx_word' id='word_1_170' title='bbox 1313 2685 1349 2748; x_wconf 92' lang='lat' dir='ltr'><strong>id</strong></span> <span class='ocrx_word' id='word_1_171' title='bbox 1377 2685 1461 2748; x_wconf 89' lang='lat' dir='ltr'><strong>mihi</strong></span> 
     </span>
     <span class='ocr_line' id='line_1_23' title="bbox 282 2789 1460 2876; baseline 0 -22"><span class='ocrx_word' id='word_1_172' title='bbox 282 2794 412 2854; x_wconf 85' lang='lat' dir='ltr'><strong>tautum</strong></span> <span class='ocrx_word' id='word_1_173' title='bbox 443 2791 558 2874; x_wconf 85' lang='lat' dir='ltr'><strong>colligi</strong></span> <span class='ocrx_word' id='word_1_174' title='bbox 588 2811 686 2876; x_wconf 90' lang='lat' dir='ltr'><strong>posse</strong></span> <span class='ocrx_word' id='word_1_175' title='bbox 715 2793 848 2857; x_wconf 83' lang='lat' dir='ltr'><strong>videtur</strong></span> <span class='ocrx_word' id='word_1_176' title='bbox 878 2810 974 2856; x_wconf 91' lang='lat' dir='ltr'><strong>suum</strong></span> <span class='ocrx_word' id='word_1_177' title='bbox 1005 2810 1169 2873; x_wconf 90' lang='lat' dir='ltr'><strong>quemque</strong></span> <span class='ocrx_word' id='word_1_178' title='bbox 1200 2791 1311 2855; x_wconf 90' lang='lat' dir='ltr'><strong>locum</strong></span> <span class='ocrx_word' id='word_1_179' title='bbox 1332 2789 1460 2854; x_wconf 90' lang='lat' dir='ltr'><strong>Dianae</strong></span> 
     </span>
     <span class='ocr_line' id='line_1_24' title="bbox 285 2895 1460 2979; baseline -0.002 -19"><span class='ocrx_word' id='word_1_180' title='bbox 285 2897 418 2979; x_wconf 89' lang='lat' dir='ltr'><strong>signum</strong></span> <span class='ocrx_word' id='word_1_181' title='bbox 440 2896 599 2962; x_wconf 87' lang='lat' dir='ltr'><strong>habuisse</strong></span> <span class='ocrx_word' id='word_1_182' title='bbox 623 2917 752 2962; x_wconf 89' lang='lat' dir='ltr'><strong>summa</strong></span> <span class='ocrx_word' id='word_1_183' title='bbox 772 2902 940 2963; x_wconf 78' lang='lat' dir='ltr'><strong>vetustate</strong></span> <span class='ocrx_word' id='word_1_184' title='bbox 964 2897 1197 2978; x_wconf 89' lang='lat' dir='ltr'><strong>consimilique</strong></span> <span class='ocrx_word' id='word_1_185' title='bbox 1225 2895 1340 2977; x_wconf 89' lang='lat' dir='ltr'><strong>forma,</strong></span> <span class='ocrx_word' id='word_1_186' title='bbox 1372 2896 1460 2977; x_wconf 90' lang='lat' dir='ltr'><strong>quod</strong></span> 
     </span>
     <span class='ocr_line' id='line_1_25' title="bbox 285 3001 1460 3088; baseline -0.002 -22"><span class='ocrx_word' id='word_1_187' title='bbox 285 3005 401 3085; x_wconf 90' lang='lat' dir='ltr'><strong>postea</strong></span> <span class='ocrx_word' id='word_1_188' title='bbox 425 3020 444 3064; x_wconf 86' lang='lat' dir='ltr'><strong>a</strong></span> <span class='ocrx_word' id='word_1_189' title='bbox 467 3003 693 3068; x_wconf 86' lang='lat' dir='ltr'><strong>sacerdotibus</strong></span> <span class='ocrx_word' id='word_1_190' title='bbox 717 3005 878 3086; x_wconf 86' lang='lat' dir='ltr'><strong>cuiusque</strong></span> <span class='ocrx_word' id='word_1_191' title='bbox 902 3004 1018 3088; x_wconf 89' lang='lat' dir='ltr'><strong>templi</strong></span> <span class='ocrx_word' id='word_1_192' title='bbox 1037 3002 1214 3068; x_wconf 79' lang='lat' dir='ltr'><strong>Tauricum</strong></span> <span class='ocrx_word' id='word_1_193' title='bbox 1237 3021 1313 3066; x_wconf 90' lang='lat' dir='ltr'><strong>esse</strong></span> <span class='ocrx_word' id='word_1_194' title='bbox 1335 3001 1460 3066; x_wconf 87' lang='lat' dir='ltr'><strong>fabulis</strong></span> 
     </span>
     <span class='ocr_line' id='line_1_26' title="bbox 285 3106 1459 3191; baseline 0.001 -22"><span class='ocrx_word' id='word_1_195' title='bbox 285 3106 490 3171; x_wconf 86' lang='lat' dir='ltr'><strong>celebratum</strong></span> <span class='ocrx_word' id='word_1_196' title='bbox 512 3107 718 3190; x_wconf 79' lang='lat' dir='ltr'><strong>vulgabatur.</strong></span> <span class='ocrx_word' id='word_1_197' title='bbox 763 3108 881 3190; x_wconf 92' lang='lat' dir='ltr'><strong>Itaque</strong></span> <span class='ocrx_word' id='word_1_198' title='bbox 905 3109 1131 3172; x_wconf 81' lang='lat' dir='ltr'><strong>Asiaticorum</strong></span> <span class='ocrx_word' id='word_1_199' title='bbox 1153 3108 1353 3191; x_wconf 88' lang='lat' dir='ltr'><strong>templorum</strong></span> <span class='ocrx_word' id='word_1_200' title='bbox 1376 3109 1459 3171; x_wconf 92' lang='lat' dir='ltr'><strong>ima·</strong></span> 
     </span>
     <span class='ocr_line' id='line_1_27' title="bbox 284 3211 1458 3298; baseline 0.001 -23"><span class='ocrx_word' id='word_1_201' title='bbox 284 3212 379 3294; x_wconf 86' lang='lat' dir='ltr'><strong>gines</strong></span> <span class='ocrx_word' id='word_1_202' title='bbox 401 3232 420 3275; x_wconf 90' lang='lat' dir='ltr'><strong>a</strong></span> <span class='ocrx_word' id='word_1_203' title='bbox 436 3211 638 3277; x_wconf 81' lang='lat' dir='ltr'><strong>Graecorum</strong></span> <span class='ocrx_word' id='word_1_204' title='bbox 660 3215 779 3297; x_wconf 89' lang='lat' dir='ltr'><strong>priscis</strong></span> <span class='ocrx_word' id='word_1_205' title='bbox 802 3217 920 3280; x_wconf 81' lang='lat' dir='ltr'><strong>xoanis</strong></span> <span class='ocrx_word' id='word_1_206' title='bbox 942 3233 1009 3279; x_wconf 89' lang='lat' dir='ltr'><strong>non</strong></span> <span class='ocrx_word' id='word_1_207' title='bbox 1023 3214 1173 3278; x_wconf 89' lang='lat' dir='ltr'><strong>divorsas</strong></span> <span class='ocrx_word' id='word_1_208' title='bbox 1189 3213 1294 3277; x_wconf 83' lang='lat' dir='ltr'><strong>fuisse</strong></span> <span class='ocrx_word' id='word_1_209' title='bbox 1311 3217 1458 3298; x_wconf 89' lang='lat' dir='ltr'><strong>apparet,</strong></span> 
     </span>
     <span class='ocr_line' id='line_1_28' title="bbox 284 3318 1458 3402; baseline -0.002 -20"><span class='ocrx_word' id='word_1_210' title='bbox 284 3335 386 3399; x_wconf 89' lang='lat' dir='ltr'><strong>qnare</strong></span> <span class='ocrx_word' id='word_1_211' title='bbox 415 3320 517 3381; x_wconf 89' lang='lat' dir='ltr'><strong>etiam</strong></span> <span class='ocrx_word' id='word_1_212' title='bbox 545 3320 718 3402; x_wconf 88' lang='lat' dir='ltr'><strong>aequalem</strong></span> <span class='ocrx_word' id='word_1_213' title='bbox 740 3319 869 3385; x_wconf 90' lang='lat' dir='ltr'><strong>Dianae</strong></span> <span class='ocrx_word' id='word_1_214' title='bbox 899 3321 1024 3385; x_wconf 89' lang='lat' dir='ltr'><strong>cultum</strong></span> <span class='ocrx_word' id='word_1_215' title='bbox 1052 3324 1087 3384; x_wconf 90' lang='lat' dir='ltr'><strong>et</strong></span> <span class='ocrx_word' id='word_1_216' title='bbox 1108 3318 1280 3402; x_wconf 85' lang='lat' dir='ltr'><strong>Phrygum</strong></span> <span class='ocrx_word' id='word_1_217' title='bbox 1309 3323 1344 3382; x_wconf 91' lang='lat' dir='ltr'><strong>et</strong></span> <span class='ocrx_word' id='word_1_218' title='bbox 1374 3319 1458 3381; x_wconf 90' lang='lat' dir='ltr'><strong>anti·</strong></span> 
     </span>
    </p>
   </div>
   <div class='ocr_carea' id='block_1_2' title="bbox 282 3523 1459 3941">
    <p class='ocr_par' dir='ltr' id='par_1_3' title="bbox 282 3523 1459 3941">
     <span class='ocr_line' id='line_1_29' title="bbox 360 3523 1458 3599; baseline -0.004 -17"><span class='ocrx_word' id='word_1_219' title='bbox 360 3525 381 3595; x_wconf 88' lang='lat'><strong>¹)</strong></span> <span class='ocrx_word' id='word_1_220' title='bbox 400 3528 431 3584; x_wconf 93' lang='lat' dir='ltr'><strong>P.</strong></span> <span class='ocrx_word' id='word_1_221' title='bbox 448 3528 498 3594; x_wconf 88' lang='grc' dir='ltr'><strong>ΙΙΙ,</strong></span> <span class='ocrx_word' id='word_1_222' title='bbox 518 3531 559 3595; x_wconf 87' lang='grc'><strong>10,</strong></span> <span class='ocrx_word' id='word_1_223' title='bbox 583 3532 612 3585; x_wconf 80' lang='lat'><strong>7:</strong></span> <span class='ocrx_word' id='word_1_224' title='bbox 639 3527 671 3584; x_wconf 78' lang='grc' dir='ltr'><strong>τὸ</strong></span> <span class='ocrx_word' id='word_1_225' title='bbox 693 3529 792 3599; x_wconf 75' lang='grc' dir='ltr'><strong><em>χωρίον</em></strong></span> <span class='ocrx_word' id='word_1_226' title='bbox 810 3526 960 3598; x_wconf 72' lang='grc' dir='ltr'><strong><em>Ἀρτέμιδος</em></strong></span> <span class='ocrx_word' id='word_1_227' title='bbox 981 3526 1028 3581; x_wconf 78' lang='lat' dir='ltr'><strong>aul</strong></span> <span class='ocrx_word' id='word_1_228' title='bbox 1046 3529 1176 3595; x_wconf 74' lang='grc' dir='ltr'><strong><em>Νυμφῶν</em></strong></span> <span class='ocrx_word' id='word_1_229' title='bbox 1197 3523 1270 3581; x_wconf 71' lang='grc' dir='ltr'><strong><em>ἐστὶν</em></strong></span> <span class='ocrx_word' id='word_1_230' title='bbox 1292 3525 1321 3579; x_wconf 81' lang='lat' dir='ltr'><strong>ci</strong></span> <span class='ocrx_word' id='word_1_231' title='bbox 1338 3523 1458 3594; x_wconf 68' lang='grc' dir='ltr'><strong>Κάρυαι,</strong></span> 
     </span>
     <span class='ocr_line' id='line_1_30' title="bbox 286 3608 1459 3688; baseline -0.001 -22"><span class='ocrx_word' id='word_1_232' title='bbox 286 3611 332 3666; x_wconf 79' lang='lat' dir='ltr'><strong>aul</strong></span> <span class='ocrx_word' id='word_1_233' title='bbox 350 3608 457 3684; x_wconf 71' lang='grc' dir='ltr'><strong><em>ἄγαλμα</em></strong></span> <span class='ocrx_word' id='word_1_234' title='bbox 474 3611 583 3684; x_wconf 68' lang='grc' dir='ltr'><strong><em>ἔστηκεν</em></strong></span> <span class='ocrx_word' id='word_1_235' title='bbox 596 3611 749 3685; x_wconf 74' lang='grc' dir='ltr'><strong><em>Ἀρτέμιδος</em></strong></span> <span class='ocrx_word' id='word_1_236' title='bbox 771 3612 800 3670; x_wconf 72' lang='grc' dir='ltr'><strong>ἐν</strong></span> <span class='ocrx_word' id='word_1_237' title='bbox 816 3611 948 3688; x_wconf 69' lang='grc' dir='ltr'><strong>ὑπαίθρῳ</strong></span> <span class='ocrx_word' id='word_1_238' title='bbox 966 3613 1154 3684; x_wconf 69' lang='grc' dir='ltr'><strong>Καρυάτιδος·</strong></span> <span class='ocrx_word' id='word_1_239' title='bbox 1171 3612 1271 3682; x_wconf 66' lang='grc' dir='ltr'><strong><em>κόρους</em></strong></span> <span class='ocrx_word' id='word_1_240' title='bbox 1287 3610 1318 3667; x_wconf 70' lang='grc' dir='ltr'><strong>δὲ</strong></span> <span class='ocrx_word' id='word_1_241' title='bbox 1335 3608 1459 3666; x_wconf 53' lang='lat' dir='ltr'><strong>&amp;cuda</strong></span> 
     </span>
     <span class='ocr_line' id='line_1_31' title="bbox 282 3695 1459 3838; baseline -0.001 -85"><span class='ocrx_word' id='word_1_242' title='bbox 282 3699 312 3838; x_wconf 64' lang='grc' dir='ltr'><strong>Ξῖ</strong></span> <span class='ocrx_word' id='word_1_243' title='bbox 325 3701 549 3768; x_wconf 74' lang='grc' dir='ltr'><strong><em>Λακεδαιμονίων</em></strong></span> <span class='ocrx_word' id='word_1_244' title='bbox 560 3699 697 3772; x_wconf 73' lang='grc' dir='ltr'><strong><em>παρθένοι</em></strong></span> <span class='ocrx_word' id='word_1_245' title='bbox 714 3700 784 3756; x_wconf 78' lang='grc' dir='ltr'><strong>κατὰ</strong></span> <span class='ocrx_word' id='word_1_246' title='bbox 800 3700 860 3764; x_wconf 74' lang='grc' dir='ltr'><strong>ἔτος</strong></span> <span class='ocrx_word' id='word_1_247' title='bbox 871 3701 960 3756; x_wconf 83' lang='grc' dir='ltr'><strong><em>Ιστᾶσι</em></strong></span> <span class='ocrx_word' id='word_1_248' title='bbox 970 3700 1017 3755; x_wconf 70' lang='grc' dir='ltr'><strong>καὶ</strong></span> <span class='ocrx_word' id='word_1_249' title='bbox 1028 3696 1172 3770; x_wconf 71' lang='grc' dir='ltr'><strong><em>ἐπιχώριος</em></strong></span> <span class='ocrx_word' id='word_1_250' title='bbox 1183 3695 1282 3761; x_wconf 72' lang='grc' dir='ltr'><strong><em>αὐταῖς</em></strong></span> <span class='ocrx_word' id='word_1_251' title='bbox 1291 3695 1459 3765; x_wconf 70' lang='grc' dir='ltr'><strong>καθέστηκεν</strong></span> 
     </span>
     <span class='ocr_line' id='line_1_32' title="bbox 299 3801 839 3941; baseline 0.002 -12"><span class='ocrx_word' id='word_1_252' title='bbox 299 3801 429 3929; x_wconf 42' lang='lat' dir='ltr'><strong>(lingum</strong></span> <span class='ocrx_word' id='word_1_253' title='bbox 449 3876 543 3929; x_wconf 87' lang='lat' dir='ltr'><strong>censet</strong></span> <span class='ocrx_word' id='word_1_254' title='bbox 561 3875 591 3928; x_wconf 82' lang='lat' dir='ltr'><strong>E.</strong></span> <span class='ocrx_word' id='word_1_255' title='bbox 611 3873 762 3941; x_wconf 81' lang='lat' dir='ltr'><strong>Curtius,</strong></span> <span class='ocrx_word' id='word_1_256' title='bbox 781 3875 801 3931; x_wconf 91' lang='lat'><strong>1.</strong></span> <span class='ocrx_word' id='word_1_257' title='bbox 819 3874 839 3930; x_wconf 90' lang='lat' dir='ltr'><strong>l.</strong></span> 
     </span>
    </p>
   </div>
   <div class='ocr_carea' id='block_1_3' title="bbox 283 3915 1457 4116">
    <p class='ocr_par' dir='ltr' id='par_1_4' title="bbox 283 3915 1457 4116">
     <span class='ocr_line' id='line_1_33' title="bbox 359 3915 1457 4032; baseline -0.002 -16"><span class='ocrx_word' id='word_1_258' title='bbox 359 3958 380 4027; x_wconf 81' lang='lat'><strong>⁸)</strong></span> <span class='ocrx_word' id='word_1_259' title='bbox 400 3961 481 4016; x_wconf 88' lang='lat' dir='ltr'><strong>Unde</strong></span> <span class='ocrx_word' id='word_1_260' title='bbox 510 3963 625 4018; x_wconf 87' lang='lat' dir='ltr'><strong>nomina</strong></span> <span class='ocrx_word' id='word_1_261' title='bbox 655 3963 794 4019; x_wconf 83' lang='lat' dir='ltr'><strong>adiectira</strong></span> <span class='ocrx_word' id='word_1_262' title='bbox 824 3963 932 4018; x_wconf 86' lang='lat' dir='ltr'><strong>Dianae</strong></span> <span class='ocrx_word' id='word_1_263' title='bbox 966 3961 1182 4032; x_wconf 86' lang='lat' dir='ltr'><strong>imponebantur</strong></span> <span class='ocrx_word' id='word_1_264' title='bbox 1210 3915 1397 4030; x_wconf 58' lang='lat' dir='ltr'><strong>yoooddqosoc</strong></span> <span class='ocrx_word' id='word_1_265' title='bbox 1428 3962 1457 4014; x_wconf 88' lang='lat' dir='ltr'><strong>et</strong></span> 
     </span>
     <span class='ocr_line' id='line_1_34' title="bbox 283 4040 426 4116; baseline 0.021 -16"><span class='ocrx_word' id='word_1_266' title='bbox 283 4040 426 4116; x_wconf 74' lang='grc' dir='ltr'><strong><em>εὔθρσνσς.</em></strong></span> 
     </span>
    </p>
   </div>
   <div class='ocr_carea' id='block_1_4' title="bbox 355 4130 1561 4204">
    <p class='ocr_par' dir='ltr' id='par_1_5' title="bbox 355 4130 1561 4204">
     <span class='ocr_line' id='line_1_35' title="bbox 355 4130 1561 4204; baseline -0.001 -16"><span class='ocrx_word' id='word_1_267' title='bbox 355 4130 378 4201; x_wconf 78' lang='lat' dir='ltr'><strong>‘l</strong></span> <span class='ocrx_word' id='word_1_268' title='bbox 397 4133 576 4191; x_wconf 73' lang='lat' dir='ltr'><strong>berolinense</strong></span> <span class='ocrx_word' id='word_1_269' title='bbox 593 4151 718 4191; x_wconf 83' lang='lat' dir='ltr'><strong>museum</strong></span> <span class='ocrx_word' id='word_1_270' title='bbox 741 4136 831 4192; x_wconf 81' lang='lat' dir='ltr'><strong>multa</strong></span> <span class='ocrx_word' id='word_1_271' title='bbox 851 4137 977 4192; x_wconf 86' lang='lat' dir='ltr'><strong>eontinet</strong></span> <span class='ocrx_word' id='word_1_272' title='bbox 993 4134 1111 4204; x_wconf 77' lang='lat' dir='ltr'><strong>(iuvent</strong></span> <span class='ocrx_word' id='word_1_273' title='bbox 1130 4137 1212 4192; x_wconf 85' lang='lat' dir='ltr'><strong>catal.</strong></span> <span class='ocrx_word' id='word_1_274' title='bbox 1230 4153 1259 4191; x_wconf 79' lang='lat' dir='ltr'><strong>n.</strong></span> <span class='ocrx_word' id='word_1_275' title='bbox 1276 4134 1355 4200; x_wconf 82' lang='grc'><strong>3494,</strong></span> <span class='ocrx_word' id='word_1_276' title='bbox 1378 4130 1457 4198; x_wconf 81' lang='lat'><strong>6262,</strong></span> <span class='ocrx_word' id='word_1_277' title='bbox 1558 4192 1561 4198; x_wconf 59' lang='grc'><strong>,</strong></span> 
     </span>
    </p>
   </div>
   <div class='ocr_carea' id='block_1_5' title="bbox 283 4220 1458 4380">
    <p class='ocr_par' dir='ltr' id='par_1_6' title="bbox 283 4220 1458 4380">
     <span class='ocr_line' id='line_1_36' title="bbox 283 4220 1458 4380; baseline -0.001 -14"><span class='ocrx_word' id='word_1_278' title='bbox 283 4220 531 4378; x_wconf 47' lang='lat' dir='ltr'><strong>6303¹⁶)vgfflliter</strong></span> <span class='ocrx_word' id='word_1_279' title='bbox 553 4309 714 4367; x_wconf 81' lang='lat' dir='ltr'><strong>Semiticum</strong></span> <span class='ocrx_word' id='word_1_280' title='bbox 735 4305 889 4368; x_wconf 79' lang='lat' dir='ltr'><strong>‘Ascherae’</strong></span> <span class='ocrx_word' id='word_1_281' title='bbox 914 4314 946 4378; x_wconf 91' lang='lat' dir='ltr'><strong>(i.</strong></span> <span class='ocrx_word' id='word_1_282' title='bbox 964 4328 990 4368; x_wconf 84' lang='lat' dir='ltr'><strong>a.</strong></span> <span class='ocrx_word' id='word_1_283' title='bbox 1012 4312 1129 4379; x_wconf 80' lang='lat' dir='ltr'><strong>Bootae)</strong></span> <span class='ocrx_word' id='word_1_284' title='bbox 1153 4314 1278 4368; x_wconf 73' lang='lat' dir='ltr'><strong>Asteries</strong></span> <span class='ocrx_word' id='word_1_285' title='bbox 1301 4325 1458 4380; x_wconf 83' lang='lat' dir='ltr'><strong>cognomen</strong></span> 
     </span>
    </p>
   </div>
   <div class='ocr_carea' id='block_1_6' title="bbox 282 4397 1063 4553">
    <p class='ocr_par' dir='ltr' id='par_1_7' title="bbox 282 4397 1063 4553">
     <span class='ocr_line' id='line_1_37' title="bbox 282 4397 1063 4470; baseline 0.004 -18"><span class='ocrx_word' id='word_1_286' title='bbox 282 4397 395 4466; x_wconf 85' lang='lat' dir='ltr'><strong>proprie</strong></span> <span class='ocrx_word' id='word_1_287' title='bbox 414 4402 464 4455; x_wconf 84' lang='lat' dir='ltr'><strong>eet.</strong></span> <span class='ocrx_word' id='word_1_288' title='bbox 500 4399 536 4455; x_wconf 84' lang='lat' dir='ltr'><strong>el.</strong></span> <span class='ocrx_word' id='word_1_289' title='bbox 555 4398 723 4466; x_wconf 80' lang='lat' dir='ltr'><strong>waldker,</strong></span> <span class='ocrx_word' id='word_1_290' title='bbox 741 4401 830 4470; x_wconf 79' lang='lat' dir='ltr'><strong>Mytla</strong></span> <span class='ocrx_word' id='word_1_291' title='bbox 850 4399 896 4455; x_wconf 82' lang='lat' dir='ltr'><strong>Gr.</strong></span> <span class='ocrx_word' id='word_1_292' title='bbox 915 4400 936 4468; x_wconf 91' lang='grc' dir='ltr'><strong>Ι,</strong></span> <span class='ocrx_word' id='word_1_293' title='bbox 955 4419 983 4470; x_wconf 83' lang='lat' dir='ltr'><strong>p.</strong></span> <span class='ocrx_word' id='word_1_294' title='bbox 1002 4402 1063 4457; x_wconf 83' lang='grc'><strong>584.</strong></span> 
     </span>
     <span class='ocr_line' id='line_1_38' title="bbox 356 4479 711 4553; baseline 0.008 -14"><span class='ocrx_word' id='word_1_295' title='bbox 356 4479 378 4552; x_wconf 80' lang='lat'><strong>⁶)</strong></span> <span class='ocrx_word' id='word_1_296' title='bbox 397 4484 425 4539; x_wconf 82' lang='lat' dir='ltr'><strong>O·</strong></span> <span class='ocrx_word' id='word_1_297' title='bbox 444 4484 467 4540; x_wconf 88' lang='grc' dir='ltr'><strong>Ι.</strong></span> <span class='ocrx_word' id='word_1_298' title='bbox 485 4484 517 4540; x_wconf 80' lang='lat' dir='ltr'><strong>G.</strong></span> <span class='ocrx_word' id='word_1_299' title='bbox 538 4485 614 4553; x_wconf 82' lang='grc'><strong>1416,</strong></span> <span class='ocrx_word' id='word_1_300' title='bbox 634 4486 711 4542; x_wconf 87' lang='grc'><strong>1444.</strong></span> 
     </span>
    </p>
   </div>
   <div class='ocr_carea' id='block_1_7' title="bbox 0 0 1688 5192">
    <p class='ocr_par' dir='ltr' id='par_1_8' title="bbox 0 0 1688 5192">
     <span class='ocr_line' id='line_1_39' title="bbox 0 0 1688 5192; baseline 0 1"><span class='ocrx_word' id='word_1_301' title='bbox 0 0 1688 5192; x_wconf 95' lang='lat' dir='ltr'><strong> </strong></span> 
     </span>
    </p>
   </div>
  </div>
 </body>
</html>
