3367 5192
840 356 883 416 42

274 581 415 643 cumque
439 569 555 646 poetae
573 569 606 627 et
621 564 765 628 artifices
787 567 950 648 imprimis
965 567 1052 629 hanc
1066 568 1302 649 proprietatem
1317 565 1446 631 Dianae

272 668 427 732 laudibus
462 670 660 751 extulerint,
693 671 952 734 innumerabilia
985 673 1176 734 testimonia
1210 672 1282 735 fere
1318 679 1446 754 extant,

273 793 359 855 quae
392 777 502 839 omnia
529 781 567 839 ut
596 795 786 840 enumerem
817 796 883 841 non
913 777 1057 861 capitulo
1086 777 1145 840 sed
1173 776 1258 841 libro
1288 797 1370 862 opus
1393 782 1445 844 sit.

273 878 338 944 Sed
370 900 413 944 ne
450 883 602 945 lacunam
641 885 677 945 in
711 883 810 946 buius
849 884 1000 967 opusculi
1038 883 1180 946 circuitu
1216 885 1446 968 praebeamus,

273 988 405 1070 singula
435 989 582 1052 breviter
613 991 786 1074 attingam:
814 992 973 1053 nonnulla
996 1009 1126 1071 quoque
1149 990 1233 1053 falso
1256 991 1322 1053 huc
1345 991 1446 1055 allata

272 1094 367 1158 nobis
390 1095 563 1158 reicienda
585 1100 669 1159 sunt.

361 1199 510 1264 Primum
553 1202 589 1264 in
626 1200 754 1264 Dianae
792 1200 993 1282 Munychias
1036 1207 1154 1265 natura
1191 1203 1317 1266 lunaris
1354 1205 1447 1267 notio

272 1308 369 1388 inest,
399 1326 465 1388 qua
496 1307 536 1370 de
565 1326 602 1370 re
632 1307 782 1371 conferre
813 1308 895 1371 licet
917 1307 1114 1371 Suchierum
1143 1306 1176 1388 (l.
1200 1308 1222 1370 l.
1245 1328 1277 1392 p.
1300 1307 1445 1387 46-49)

273 1417 307 1476 et
340 1411 555 1476 Welckerum
591 1411 661 1494 (Th.
698 1411 751 1476 Gr.
785 1412 810 1495 I,
845 1433 876 1496 p.
911 1413 977 1476 570
1013 1412 1081 1496 sq.).
1137 1413 1165 1476 ll
1200 1415 1332 1477 nomine
1367 1433 1445 1478 vero

272 1517 475 1598 Munychiae
504 1519 586 1581 deae
614 1519 724 1581 minus
754 1520 838 1582 hanc
861 1525 1012 1583 naturam
1036 1519 1241 1598 (reduxerim,
1272 1538 1348 1583 oum
1373 1521 1446 1584 eius

274 1624 455 1707 explicatio
490 1624 635 1687 nondum
664 1625 875 1708 comprobata
904 1627 950 1689 sit
959 1622 992 1704 1).
1051 1625 1078 1689 Ε
1112 1626 1220 1688 forma
1254 1628 1343 1689 enim
1377 1627 1445 1708 illa,

274 1749 359 1812 quae
389 1731 539 1813 suppleri
567 1731 660 1812 solet,
691 1729 912 1810 Μοννονυχία
934 1734 955 1794 i.
979 1751 1007 1795 e.
1023 1723 1110 1795 ‘sola
1131 1737 1233 1796 noctu
1255 1724 1445 1815 dominans’,

273 1837 333 1900 vix
362 1836 564 1901 descendere
594 1832 747 1920 potest2).
799 1835 915 1918 Neque
945 1838 1100 1919 equidem
1134 1838 1392 1921 explicationem
1428 1858 1447 1901 e

273 1943 386 2006 radice
403 1963 488 2022 μουν
510 1965 551 1998 =
573 1963 657 2023 μην·,
682 1961 780 2023 quam
797 1961 871 2004 eum
887 1942 1163 2013 determinatione
1179 1963 1270 2023 υχιος
1290 1967 1334 1998 .--
1355 1963 1447 2015 vator

275 2049 484 2112 coniunctam
516 2065 590 2110 esse
620 2047 804 2127 voluerunt,
834 2047 1047 2129 comprobare
1074 2049 1185 2111 velim.
1231 2046 1295 2111 Sed
1325 2065 1446 2110 nomen

275 2154 356 2218 deae
382 2153 422 2216 ab
440 2153 573 2217 Atticae
597 2151 655 2214 illo
676 2151 794 2233 oppido
819 2153 961 2234 petitum
983 2172 1057 2216 esse
1077 2157 1166 2236 puto,
1191 2172 1266 2216 cum
1285 2171 1445 2235 persaepe

273 2259 401 2323 Dianae
430 2277 449 2320 a
477 2259 560 2322 locis
588 2259 693 2340 petita
721 2259 916 2340 cognomina
944 2261 1201 2341 imponerentur.
1246 2257 1447 2338 Munychiae

273 2384 355 2428 rere
378 2384 500 2428 nomen
525 2363 763 2427 ePhoenicum
786 2364 901 2445 lingua
924 2365 1075 2428 derivare
1098 2385 1166 2428 non
1187 2367 1340 2447 ineptum
1354 2364 1447 2427 ride-

273 2474 338 2552 tur,
365 2489 439 2534 oum
465 2481 574 2541 nullm
597 2471 617 2532 i.
643 2488 670 2532 e.
687 2460 861 2551 ‘requietis
878 2465 978 2534 locus'
1002 2473 1125 2554 optime
1141 2476 1272 2554 portum
1289 2472 1447 2553 navigan-

274 2577 363 2640 tibus
388 2596 427 2639 ac
450 2576 599 2658 fatigatis
622 2577 862 2640 mercatoribus
885 2581 1016 2659 gratum
1040 2573 1251 2660 significet⁸).

364 2683 523 2746 Attamen
546 2683 671 2746 lunaris
694 2681 822 2764 Dianae
837 2681 1039 2763 Monychiae
1062 2688 1182 2746 natura
1204 2683 1283 2746 inde
1301 2687 1446 2766 apparet,

275 2788 361 2870 quod
386 2788 440 2851 die
465 2794 560 2852 sexto
584 2788 712 2851 decimo
734 2787 968 2868 Munychionis
991 2791 1126 2870 mensis
1151 2791 1208 2871 qui
1232 2789 1303 2852 dies
1321 2787 1448 2851 Dianae

275 2895 373 2988 huius
400 2893 505 2956 festus
537 2898 616 2976 erat,
643 2895 817 2976 placentae
849 2896 881 2957 ei
904 2893 1137 2976 offerebantur,
1171 2895 1291 2977 quibus
1315 2893 1447 2957 faculae

271 2993 310 3063 ‘in
345 2999 459 3062 orbem
492 2998 618 3062 infixae
648 3004 750 3080 erant,
785 3000 874 3062 unde
903 2995 1113 3082 ἄμφιφῶντες
1146 2999 1402 3064 nominabantur
1410 2995 1446 3078 4).

275 3104 406 3168 Deinde
430 3104 628 3168 Plutarchus
661 3104 714 3184 (de
742 3105 822 3186 glor.
853 3092 974 3168 Athen.
1003 3125 1029 3169 c.
1059 3107 1090 3187 7)
1121 3112 1255 3170 sextum
1282 3106 1448 3168 decimum

275 3210 508 3290 Munychionis
544 3210 632 3273 diem
666 3215 893 3274 consecratum
928 3230 1002 3276 esse
1036 3213 1155 3294 tradit,
1190 3211 1277 3292 quod
1304 3211 1362 3274 illo
1393 3209 1448 3272 die

274 3319 341 3388 τοῖς
347 3309 485 3395 Ἕλλησι
500 3311 573 3394 περὶ
587 3316 756 3396 Σαλαμῖνα
769 3315 905 3378 νικῶσιν
919 3311 1095 3397 ἐπέλαμψεν
1110 3309 1130 3398 ἡ
1146 3309 1225 3389 θεὸς
1239 3309 1447 3396 πανσέληνος.

275 3419 338 3484 His
362 3419 489 3483 duobus
513 3420 716 3501 argumentis
738 3418 939 3500 Munychias
969 3420 1051 3484 deae
1075 3421 1201 3483 lunaris
1225 3425 1344 3483 natura
1367 3419 1448 3481 satis

276 3526 473 3589 declaratur.

365 3630 495 3694 Deinde
523 3633 558 3694 in
586 3630 714 3695 Dianae
743 3631 925 3694 Arcadicae
954 3630 1046 3694 cultu
1074 3632 1202 3694 lunaris
1230 3634 1350 3694 natura
1382 3647 1449 3691 non

275 3738 374 3820 plane
406 3735 582 3803 obscurata
611 3742 670 3818 est,
699 3756 897 3819 quamquam
928 3736 1015 3819 apud
1037 3738 1123 3800 banc
1145 3738 1290 3820 priscam
1314 3739 1448 3818 gentem

275 3843 438 3908 naunalis
469 3843 598 3907 indoles
626 3843 730 3906 multo
764 3845 986 3925 praestantior
1019 3843 1212 3917 habebatur.
1260 3841 1449 3926 Cognomen

351 4141 371 4208 ¹)
390 4141 425 4197 cf.
444 4141 588 4207 Ahrens,
608 4140 660 4195 uh.
679 4141 747 4194 Mus.
767 4157 830 4195 nov.
849 4140 906 4195 Ser.
924 4140 1013 4206 XVII,
1031 4158 1059 4210 p.
1078 4139 1139 4195 362.

350 4227 371 4297 ²)
391 4230 451 4285 Hoc
469 4229 713 4284 Schwanckins
731 4235 760 4284 et
778 4229 980 4284 Welckerus
998 4229 1165 4299 probabant.

350 4316 371 4385 ³)
391 4319 425 4372 cl.
444 4317 577 4382 (irater,
597 4318 736 4388 Philolog.
753 4317 855 4386 XXXI,
872 4336 900 4387 p.
919 4321 944 4384 7,
963 4336 991 4373 n.
1009 4321 1035 4373 6.
1066 4319 1100 4374 cf.
1113 4319 1333 4384 Seboemann,
1353 4317 1449 4383 Antiq.

277 4405 595 4476 Qstpfflffld
996 4402 1003 4413 ⁴

350 4492 372 4562 ⁴)
390 4494 487 4548 Suidas
504 4511 525 4547 s.
543 4511 569 4548 v.
590 4484 768 4563 dpptqoimc
785 4499 814 4550 et
832 4488 993 4554 ἀνάστατος.
1028 4495 1132 4550 Athen.
1150 4495 1225 4558 XIV,
1242 4513 1270 4564 p.
1289 4495 1351 4549 645.
