<?xml version="1.0" encoding="UTF-8"?>
<!DOCTYPE html PUBLIC "-//W3C//DTD XHTML 1.0 Transitional//EN"
    "http://www.w3.org/TR/xhtml1/DTD/xhtml1-transitional.dtd">
<html xmlns="http://www.w3.org/1999/xhtml" xml:lang="en" lang="en">
 <head>
  <title>
</title>
<meta http-equiv="Content-Type" content="text/html;charset=utf-8" />
  <meta name='ocr-system' content='tesseract 3.04.00' />
  <meta name='ocr-capabilities' content='ocr_page ocr_carea ocr_par ocr_line ocrx_word'/>
</head>
<body>
  <div class='ocr_page' id='page_1' title='image "./dedianaeantiqui01claugoog_0059.png"; bbox 0 0 3367 5192; ppageno 0'>
   <div class='ocr_carea' id='block_1_1' title="bbox 789 349 830 411">
    <p class='ocr_par' dir='ltr' id='par_1_1' title="bbox 789 349 830 411">
     <span class='ocr_line' id='line_1_1' title="bbox 789 349 830 411; baseline 0.024 -1"><span class='ocrx_word' id='word_1_1' title='bbox 789 349 830 411; x_wconf 83' lang='grc'>51</span> 
     </span>
    </p>
   </div>
   <div class='ocr_carea' id='block_1_2' title="bbox 221 537 1397 1172">
    <p class='ocr_par' dir='ltr' id='par_1_2' title="bbox 221 537 1397 1172">
     <span class='ocr_line' id='line_1_2' title="bbox 221 537 1396 642; baseline -0.008 -16"><span class='ocrx_word' id='word_1_2' title='bbox 221 563 331 626; x_wconf 90' lang='lat' dir='ltr'>omnis</span> <span class='ocrx_word' id='word_1_3' title='bbox 365 565 398 625; x_wconf 90' lang='lat' dir='ltr'>et</span> <span class='ocrx_word' id='word_1_4' title='bbox 433 563 569 623; x_wconf 76' lang='lat' dir='ltr'>neumae</span> <span class='ocrx_word' id='word_1_5' title='bbox 603 563 637 623; x_wconf 89' lang='lat' dir='ltr'>et</span> <span class='ocrx_word' id='word_1_6' title='bbox 671 559 841 624; x_wconf 88' lang='lat' dir='ltr'>hominum</span> <span class='ocrx_word' id='word_1_7' title='bbox 875 537 1063 642; x_wconf 79' lang='lat' dir='ltr'>praesidem</span> <span class='ocrx_word' id='word_1_8' title='bbox 1093 554 1197 619; x_wconf 86' lang='lat' dir='ltr'>fuisse</span> <span class='ocrx_word' id='word_1_9' title='bbox 1215 551 1396 636; x_wconf 83' lang='lat' dir='ltr'>-scimus²).</span> 
     </span>
     <span class='ocr_line' id='line_1_3' title="bbox 224 658 1395 751; baseline -0.008 -20"><span class='ocrx_word' id='word_1_10' title='bbox 224 669 271 732; x_wconf 88' lang='lat' dir='ltr'>At</span> <span class='ocrx_word' id='word_1_11' title='bbox 285 669 392 751; x_wconf 89' lang='lat' dir='ltr'>primo</span> <span class='ocrx_word' id='word_1_12' title='bbox 408 666 542 749; x_wconf 90' lang='lat' dir='ltr'>quidem</span> <span class='ocrx_word' id='word_1_13' title='bbox 557 658 754 746; x_wconf 74' lang='grc' dir='ltr'><strong><em>Ἀφροδίτην</em></strong></span> <span class='ocrx_word' id='word_1_14' title='bbox 770 664 972 729; x_wconf 81' lang='lat' dir='ltr'>Graecorum</span> <span class='ocrx_word' id='word_1_15' title='bbox 988 661 1218 726; x_wconf 83' lang='lat' dir='ltr'>eSemitarum</span> <span class='ocrx_word' id='word_1_16' title='bbox 1232 660 1395 743; x_wconf 81' lang='lat' dir='ltr'>religione</span> 
     </span>
     <span class='ocr_line' id='line_1_4' title="bbox 225 767 1397 858; baseline -0.008 -22"><span class='ocrx_word' id='word_1_17' title='bbox 225 778 396 858; x_wconf 77' lang='lat' dir='ltr'>receptam</span> <span class='ocrx_word' id='word_1_18' title='bbox 424 791 497 837; x_wconf 88' lang='lat' dir='ltr'>esse</span> <span class='ocrx_word' id='word_1_19' title='bbox 524 771 749 854; x_wconf 79' lang='lat' dir='ltr'>recordemur,</span> <span class='ocrx_word' id='word_1_20' title='bbox 782 771 817 834; x_wconf 89' lang='lat' dir='ltr'>id</span> <span class='ocrx_word' id='word_1_21' title='bbox 845 770 932 853; x_wconf 86' lang='lat' dir='ltr'>qnod</span> <span class='ocrx_word' id='word_1_22' title='bbox 961 786 1037 833; x_wconf 89' lang='lat' dir='ltr'>oum</span> <span class='ocrx_word' id='word_1_23' title='bbox 1059 767 1173 831; x_wconf 89' lang='lat' dir='ltr'>multis</span> <span class='ocrx_word' id='word_1_24' title='bbox 1201 767 1277 830; x_wconf 88' lang='lat' dir='ltr'>aliis</span> <span class='ocrx_word' id='word_1_25' title='bbox 1301 784 1397 848; x_wconf 83' lang='lat' dir='ltr'>argu·</span> 
     </span>
     <span class='ocr_line' id='line_1_5' title="bbox 223 873 1396 961; baseline -0.009 -18"><span class='ocrx_word' id='word_1_26' title='bbox 223 881 354 961; x_wconf 89' lang='lat' dir='ltr'>mentis,</span> <span class='ocrx_word' id='word_1_27' title='bbox 377 897 461 960; x_wconf 89' lang='lat' dir='ltr'>quae</span> <span class='ocrx_word' id='word_1_28' title='bbox 485 877 669 960; x_wconf 83' lang='lat' dir='ltr'>mytholagi</span> <span class='ocrx_word' id='word_1_29' title='bbox 690 879 759 940; x_wconf 89' lang='lat' dir='ltr'>iam</span> <span class='ocrx_word' id='word_1_30' title='bbox 776 876 995 956; x_wconf 78' lang='lat' dir='ltr'>contulerrmt,</span> <span class='ocrx_word' id='word_1_31' title='bbox 1017 878 1090 937; x_wconf 79' lang='lat' dir='ltr'>tum</span> <span class='ocrx_word' id='word_1_32' title='bbox 1104 873 1249 936; x_wconf 90' lang='lat' dir='ltr'>nominis</span> <span class='ocrx_word' id='word_1_33' title='bbox 1270 874 1396 952; x_wconf 88' lang='lat' dir='ltr'>etymo·</span> 
     </span>
     <span class='ocr_line' id='line_1_6' title="bbox 226 975 1396 1067; baseline -0.009 -19"><span class='ocrx_word' id='word_1_34' title='bbox 226 985 315 1067; x_wconf 85' lang='lat' dir='ltr'>logia</span> <span class='ocrx_word' id='word_1_35' title='bbox 339 984 591 1048; x_wconf 88' lang='lat' dir='ltr'>demonstratur.</span> <span class='ocrx_word' id='word_1_36' title='bbox 633 975 806 1063; x_wconf 75' lang='grc' dir='ltr'>Ἀφροδίτη</span> <span class='ocrx_word' id='word_1_37' title='bbox 830 983 921 1044; x_wconf 88' lang='lat' dir='ltr'>enim</span> <span class='ocrx_word' id='word_1_38' title='bbox 944 997 964 1043; x_wconf 87' lang='lat' dir='ltr'>a</span> <span class='ocrx_word' id='word_1_39' title='bbox 985 978 1053 1042; x_wconf 89' lang='lat' dir='ltr'>rad.</span> <span class='ocrx_word' id='word_1_40' title='bbox 1076 984 1149 1054; x_wconf 62' lang='lat' dir='ltr'>uun</span> <span class='ocrx_word' id='word_1_41' title='bbox 1172 979 1195 1042; x_wconf 88' lang='lat' dir='ltr'>i.</span> <span class='ocrx_word' id='word_1_42' title='bbox 1216 996 1244 1041; x_wconf 90' lang='lat' dir='ltr'>e.</span> <span class='ocrx_word' id='word_1_43' title='bbox 1267 977 1396 1060; x_wconf 88' lang='lat' dir='ltr'>aperire</span> 
     </span>
     <span class='ocr_line' id='line_1_7' title="bbox 221 1081 1397 1172; baseline -0.007 -18"><span class='ocrx_word' id='word_1_44' title='bbox 221 1091 281 1172; x_wconf 71' lang='lat' dir='ltr'>(so.</span> <span class='ocrx_word' id='word_1_45' title='bbox 309 1090 497 1172; x_wconf 86' lang='lat' dir='ltr'>plantarum</span> <span class='ocrx_word' id='word_1_46' title='bbox 530 1086 692 1171; x_wconf 83' lang='lat' dir='ltr'>gemmas)</span> <span class='ocrx_word' id='word_1_47' title='bbox 724 1086 927 1152; x_wconf 79' lang='lat' dir='ltr'>descendere</span> <span class='ocrx_word' id='word_1_48' title='bbox 962 1087 1046 1148; x_wconf 87' lang='lat' dir='ltr'>mihi</span> <span class='ocrx_word' id='word_1_49' title='bbox 1079 1081 1219 1148; x_wconf 85' lang='lat' dir='ltr'>videtur.</span> <span class='ocrx_word' id='word_1_50' title='bbox 1263 1083 1397 1147; x_wconf 83' lang='lat' dir='ltr'>Vocalis</span> 
     </span>
    </p>
   </div>
   <div class='ocr_carea' id='block_1_3' title="bbox 221 1191 1404 2650">
    <p class='ocr_par' dir='ltr' id='par_1_3' title="bbox 221 1191 1404 2650">
     <span class='ocr_line' id='line_1_8' title="bbox 225 1191 1398 1279; baseline -0.006 -22"><span class='ocrx_word' id='word_1_51' title='bbox 225 1217 257 1279; x_wconf 87' lang='lat' dir='ltr'>a,</span> <span class='ocrx_word' id='word_1_52' title='bbox 282 1215 366 1278; x_wconf 88' lang='lat' dir='ltr'>quae</span> <span class='ocrx_word' id='word_1_53' title='bbox 389 1193 569 1278; x_wconf 85' lang='lat' dir='ltr'>praecedit,</span> <span class='ocrx_word' id='word_1_54' title='bbox 592 1191 743 1256; x_wconf 80' lang='lat' dir='ltr'>Semitioi</span> <span class='ocrx_word' id='word_1_55' title='bbox 766 1193 900 1256; x_wconf 77' lang='lat' dir='ltr'>articuli</span> <span class='ocrx_word' id='word_1_56' title='bbox 922 1192 1028 1255; x_wconf 85' lang='lat' dir='ltr'>forma</span> <span class='ocrx_word' id='word_1_57' title='bbox 1052 1193 1117 1272; x_wconf 89' lang='lat' dir='ltr'>est,</span> <span class='ocrx_word' id='word_1_58' title='bbox 1140 1207 1225 1271; x_wconf 87' lang='lat' dir='ltr'>quae</span> <span class='ocrx_word' id='word_1_59' title='bbox 1239 1205 1398 1267; x_wconf 19' lang='lat' dir='ltr'>,nonnun-</span> 
     </span>
     <span class='ocr_line' id='line_1_9' title="bbox 222 1295 1396 1383; baseline -0.008 -18"><span class='ocrx_word' id='word_1_60' title='bbox 222 1321 325 1383; x_wconf 83' lang='lat' dir='ltr'>quam</span> <span class='ocrx_word' id='word_1_61' title='bbox 355 1319 433 1364; x_wconf 88' lang='lat' dir='ltr'>oum</span> <span class='ocrx_word' id='word_1_62' title='bbox 461 1299 667 1364; x_wconf 85' lang='lat' dir='ltr'>substantivo</span> <span class='ocrx_word' id='word_1_63' title='bbox 694 1299 844 1380; x_wconf 90' lang='lat' dir='ltr'>nomine,</span> <span class='ocrx_word' id='word_1_64' title='bbox 877 1299 907 1360; x_wconf 90' lang='lat' dir='ltr'>si</span> <span class='ocrx_word' id='word_1_65' title='bbox 937 1297 1025 1379; x_wconf 88' lang='lat' dir='ltr'>quod</span> <span class='ocrx_word' id='word_1_66' title='bbox 1056 1297 1093 1359; x_wconf 92' lang='lat' dir='ltr'>in</span> <span class='ocrx_word' id='word_1_67' title='bbox 1120 1295 1220 1358; x_wconf 87' lang='lat' dir='ltr'>aliam</span> <span class='ocrx_word' id='word_1_68' title='bbox 1248 1295 1396 1376; x_wconf 81' lang='lat' dir='ltr'>linguam</span> 
     </span>
     <span class='ocr_line' id='line_1_10' title="bbox 221 1393 1398 1488; baseline -0.009 -16"><span class='ocrx_word' id='word_1_69' title='bbox 221 1409 381 1472; x_wconf 89' lang='lat' dir='ltr'>tralatum</span> <span class='ocrx_word' id='word_1_70' title='bbox 411 1410 475 1488; x_wconf 87' lang='lat' dir='ltr'>est,</span> <span class='ocrx_word' id='word_1_71' title='bbox 505 1405 657 1488; x_wconf 88' lang='lat' dir='ltr'>copulata</span> <span class='ocrx_word' id='word_1_72' title='bbox 686 1403 944 1468; x_wconf 80' lang='lat' dir='ltr'>conservabatur</span> <span class='ocrx_word' id='word_1_73' title='bbox 969 1403 1064 1466; x_wconf 89' lang='lat' dir='ltr'>velut</span> <span class='ocrx_word' id='word_1_74' title='bbox 1090 1402 1127 1464; x_wconf 90' lang='lat' dir='ltr'>in</span> <span class='ocrx_word' id='word_1_75' title='bbox 1150 1393 1336 1480; x_wconf 77' lang='grc' dir='ltr'><strong><em>Ἀταβύριος</em></strong></span> <span class='ocrx_word' id='word_1_76' title='bbox 1357 1425 1398 1452; x_wconf 94' lang='lat'><strong><em>=</em></strong></span> 
     </span>
     <span class='ocr_line' id='line_1_11' title="bbox 223 1503 1398 1590; baseline -0.009 -14"><span class='ocrx_word' id='word_1_77' title='bbox 223 1521 342 1588; x_wconf 65' lang='grc' dir='ltr'><strong>ὋΠΠ.</strong></span> <span class='ocrx_word' id='word_1_78' title='bbox 381 1513 480 1575; x_wconf 88' lang='lat' dir='ltr'>Vocis</span> <span class='ocrx_word' id='word_1_79' title='bbox 506 1510 654 1573; x_wconf 86' lang='lat' dir='ltr'>clausula</span> <span class='ocrx_word' id='word_1_80' title='bbox 677 1507 757 1590; x_wconf 80' lang='grc' dir='ltr'><strong><em>ίτ-η</em></strong></span> <span class='ocrx_word' id='word_1_81' title='bbox 780 1527 895 1572; x_wconf 88' lang='lat' dir='ltr'>rursus</span> <span class='ocrx_word' id='word_1_82' title='bbox 911 1506 1090 1571; x_wconf 84' lang='lat' dir='ltr'>Semiticae</span> <span class='ocrx_word' id='word_1_83' title='bbox 1112 1503 1398 1570; x_wconf 75' lang='lat' dir='ltr'>determinationis</span> 
     </span>
     <span class='ocr_line' id='line_1_12' title="bbox 223 1611 1399 1696; baseline -0.007 -16"><span class='ocrx_word' id='word_1_84' title='bbox 223 1619 407 1682; x_wconf 85' lang='lat' dir='ltr'>femininae</span> <span class='ocrx_word' id='word_1_85' title='bbox 441 1617 580 1680; x_wconf 85' lang='lat' dir='ltr'>formam</span> <span class='ocrx_word' id='word_1_86' title='bbox 615 1616 772 1679; x_wconf 88' lang='lat' dir='ltr'>continet</span> <span class='ocrx_word' id='word_1_87' title='bbox 827 1611 945 1696; x_wconf 90' lang='lat' dir='ltr'>Itaque</span> <span class='ocrx_word' id='word_1_88' title='bbox 979 1630 1102 1676; x_wconf 89' lang='lat' dir='ltr'>nomen</span> <span class='ocrx_word' id='word_1_89' title='bbox 1138 1611 1220 1674; x_wconf 89' lang='lat' dir='ltr'>deae</span> <span class='ocrx_word' id='word_1_90' title='bbox 1255 1613 1345 1674; x_wconf 91' lang='lat' dir='ltr'>certo</span> <span class='ocrx_word' id='word_1_91' title='bbox 1379 1629 1399 1672; x_wconf 90' lang='lat' dir='ltr'>a</span> 
     </span>
     <span class='ocr_line' id='line_1_13' title="bbox 225 1715 1400 1803; baseline -0.009 -16"><span class='ocrx_word' id='word_1_92' title='bbox 225 1724 362 1787; x_wconf 83' lang='lat' dir='ltr'>Semitis</span> <span class='ocrx_word' id='word_1_93' title='bbox 387 1723 550 1786; x_wconf 87' lang='lat' dir='ltr'>adscitum</span> <span class='ocrx_word' id='word_1_94' title='bbox 574 1725 634 1802; x_wconf 87' lang='lat' dir='ltr'>est,</span> <span class='ocrx_word' id='word_1_95' title='bbox 657 1739 767 1803; x_wconf 87' lang='lat' dir='ltr'>neque</span> <span class='ocrx_word' id='word_1_96' title='bbox 789 1721 901 1783; x_wconf 88' lang='lat' dir='ltr'>minus</span> <span class='ocrx_word' id='word_1_97' title='bbox 921 1719 1064 1784; x_wconf 89' lang='lat' dir='ltr'>Veneris</span> <span class='ocrx_word' id='word_1_98' title='bbox 1088 1718 1208 1798; x_wconf 91' lang='lat' dir='ltr'>cultus,</span> <span class='ocrx_word' id='word_1_99' title='bbox 1231 1718 1288 1798; x_wconf 90' lang='lat' dir='ltr'>qui</span> <span class='ocrx_word' id='word_1_100' title='bbox 1310 1715 1400 1778; x_wconf 89' lang='lat' dir='ltr'>haud</span> 
     </span>
     <span class='ocr_line' id='line_1_14' title="bbox 229 1822 1400 1910; baseline -0.007 -18"><span class='ocrx_word' id='word_1_101' title='bbox 229 1849 303 1892; x_wconf 89' lang='lat' dir='ltr'>raro</span> <span class='ocrx_word' id='word_1_102' title='bbox 320 1829 508 1893; x_wconf 85' lang='lat' dir='ltr'>Asiaticum</span> <span class='ocrx_word' id='word_1_103' title='bbox 530 1830 568 1891; x_wconf 89' lang='lat' dir='ltr'>in</span> <span class='ocrx_word' id='word_1_104' title='bbox 590 1845 716 1891; x_wconf 89' lang='lat' dir='ltr'>morem</span> <span class='ocrx_word' id='word_1_105' title='bbox 739 1830 929 1910; x_wconf 88' lang='lat' dir='ltr'>stuprorum</span> <span class='ocrx_word' id='word_1_106' title='bbox 950 1844 1014 1890; x_wconf 87' lang='lat' dir='ltr'>usu</span> <span class='ocrx_word' id='word_1_107' title='bbox 1032 1823 1251 1908; x_wconf 84' lang='lat' dir='ltr'>polluebatur.</span> <span class='ocrx_word' id='word_1_108' title='bbox 1287 1822 1400 1886; x_wconf 80' lang='lat' dir='ltr'>Etiam</span> 
     </span>
     <span class='ocr_line' id='line_1_15' title="bbox 229 1929 1400 2008; baseline -0.006 -11"><span class='ocrx_word' id='word_1_109' title='bbox 229 1934 431 1999; x_wconf 85' lang='lat' dir='ltr'>Graecorum</span> <span class='ocrx_word' id='word_1_110' title='bbox 457 1935 561 1998; x_wconf 90' lang='lat' dir='ltr'>talem</span> <span class='ocrx_word' id='word_1_111' title='bbox 589 1933 685 1997; x_wconf 90' lang='lat' dir='ltr'>deam</span> <span class='ocrx_word' id='word_1_112' title='bbox 711 1931 899 1996; x_wconf 86' lang='lat' dir='ltr'>naturalem</span> <span class='ocrx_word' id='word_1_113' title='bbox 926 1931 1030 1994; x_wconf 86' lang='lat' dir='ltr'>fuisse</span> <span class='ocrx_word' id='word_1_114' title='bbox 1058 1929 1243 1994; x_wconf 87' lang='lat' dir='ltr'>verisimile</span> <span class='ocrx_word' id='word_1_115' title='bbox 1268 1931 1331 2008; x_wconf 87' lang='lat' dir='ltr'>est,</span> <span class='ocrx_word' id='word_1_116' title='bbox 1362 1946 1400 1990; x_wconf 89' lang='lat' dir='ltr'>ac</span> 
     </span>
     <span class='ocr_line' id='line_1_16' title="bbox 226 2033 1400 2123; baseline -0.007 -19"><span class='ocrx_word' id='word_1_117' title='bbox 226 2040 399 2106; x_wconf 88' lang='lat' dir='ltr'>Prellerus</span> <span class='ocrx_word' id='word_1_118' title='bbox 423 2041 558 2123; x_wconf 87' lang='lat' dir='ltr'>quidem</span> <span class='ocrx_word' id='word_1_119' title='bbox 580 2041 767 2104; x_wconf 87' lang='lat' dir='ltr'>rectissime</span> <span class='ocrx_word' id='word_1_120' title='bbox 792 2040 954 2122; x_wconf 80' lang='lat' dir='ltr'>opinatur,</span> <span class='ocrx_word' id='word_1_121' title='bbox 979 2055 1055 2100; x_wconf 91' lang='lat' dir='ltr'>cum</span> <span class='ocrx_word' id='word_1_122' title='bbox 1076 2036 1160 2100; x_wconf 90' lang='lat' dir='ltr'>haec</span> <span class='ocrx_word' id='word_1_123' title='bbox 1183 2033 1217 2116; x_wconf 83' lang='lat' dir='ltr'>(l.</span> <span class='ocrx_word' id='word_1_124' title='bbox 1238 2033 1273 2117; x_wconf 77' lang='lat' dir='ltr'>t)</span> <span class='ocrx_word' id='word_1_125' title='bbox 1297 2034 1400 2100; x_wconf 87' lang='lat' dir='ltr'>dicat:</span> 
     </span>
     <span class='ocr_line' id='line_1_17' title="bbox 237 2135 1400 2226; baseline -0.008 -15"><span class='ocrx_word' id='word_1_126' title='bbox 237 2140 293 2212; x_wconf 80' lang='lat' dir='ltr'>‘la</span> <span class='ocrx_word' id='word_1_127' title='bbox 322 2165 357 2210; x_wconf 91' lang='lat' dir='ltr'>es</span> <span class='ocrx_word' id='word_1_128' title='bbox 385 2148 430 2210; x_wconf 90' lang='lat' dir='ltr'>ist</span> <span class='ocrx_word' id='word_1_129' title='bbox 455 2165 518 2210; x_wconf 88' lang='lat' dir='ltr'>uns</span> <span class='ocrx_word' id='word_1_130' title='bbox 541 2146 578 2208; x_wconf 92' lang='lat' dir='ltr'>in</span> <span class='ocrx_word' id='word_1_131' title='bbox 600 2145 660 2208; x_wconf 91' lang='lat' dir='ltr'>der</span> <span class='ocrx_word' id='word_1_132' title='bbox 680 2144 828 2226; x_wconf 73' lang='lat' dir='ltr'>Dione,</span> <span class='ocrx_word' id='word_1_133' title='bbox 847 2144 975 2207; x_wconf 86' lang='lat' dir='ltr'>welche</span> <span class='ocrx_word' id='word_1_134' title='bbox 1003 2145 1039 2205; x_wconf 90' lang='lat' dir='ltr'>in</span> <span class='ocrx_word' id='word_1_135' title='bbox 1062 2141 1121 2207; x_wconf 92' lang='lat' dir='ltr'>der</span> <span class='ocrx_word' id='word_1_136' title='bbox 1142 2139 1224 2204; x_wconf 89' lang='lat' dir='ltr'>Ilias</span> <span class='ocrx_word' id='word_1_137' title='bbox 1248 2135 1302 2225; x_wconf 85' lang='lat' dir='ltr'>(V,</span> <span class='ocrx_word' id='word_1_138' title='bbox 1326 2140 1400 2222; x_wconf 78' lang='lat'>370,</span> 
     </span>
     <span class='ocr_line' id='line_1_18' title="bbox 230 2245 1403 2336; baseline -0.006 -21"><span class='ocrx_word' id='word_1_139' title='bbox 230 2251 311 2336; x_wconf 83' lang='lat'>428)</span> <span class='ocrx_word' id='word_1_140' title='bbox 338 2250 393 2315; x_wconf 83' lang='lat' dir='ltr'>fdr</span> <span class='ocrx_word' id='word_1_141' title='bbox 420 2250 474 2315; x_wconf 87' lang='lat' dir='ltr'>die</span> <span class='ocrx_word' id='word_1_142' title='bbox 496 2249 621 2314; x_wconf 86' lang='lat' dir='ltr'>Mutter</span> <span class='ocrx_word' id='word_1_143' title='bbox 650 2249 710 2314; x_wconf 89' lang='lat' dir='ltr'>der</span> <span class='ocrx_word' id='word_1_144' title='bbox 732 2249 917 2332; x_wconf 88' lang='lat' dir='ltr'>Aphrodite</span> <span class='ocrx_word' id='word_1_145' title='bbox 944 2249 1021 2331; x_wconf 83' lang='lat' dir='ltr'>gilt,</span> <span class='ocrx_word' id='word_1_146' title='bbox 1048 2250 1086 2310; x_wconf 89' lang='lat' dir='ltr'>in</span> <span class='ocrx_word' id='word_1_147' title='bbox 1106 2246 1244 2310; x_wconf 90' lang='lat' dir='ltr'>Dodona</span> <span class='ocrx_word' id='word_1_148' title='bbox 1273 2265 1315 2308; x_wconf 90' lang='lat' dir='ltr'>an</span> <span class='ocrx_word' id='word_1_149' title='bbox 1343 2245 1403 2309; x_wconf 90' lang='lat' dir='ltr'>der</span> 
     </span>
     <span class='ocr_line' id='line_1_19' title="bbox 233 2351 1403 2437; baseline -0.005 -17"><span class='ocrx_word' id='word_1_150' title='bbox 233 2357 324 2422; x_wconf 79' lang='lat' dir='ltr'>Seite</span> <span class='ocrx_word' id='word_1_151' title='bbox 348 2357 407 2420; x_wconf 89' lang='lat' dir='ltr'>des</span> <span class='ocrx_word' id='word_1_152' title='bbox 431 2355 515 2420; x_wconf 86' lang='lat' dir='ltr'>Zeus</span> <span class='ocrx_word' id='word_1_153' title='bbox 538 2356 674 2420; x_wconf 88' lang='lat' dir='ltr'>verehrt</span> <span class='ocrx_word' id='word_1_154' title='bbox 695 2355 764 2418; x_wconf 92' lang='lat' dir='ltr'>und</span> <span class='ocrx_word' id='word_1_155' title='bbox 785 2373 854 2417; x_wconf 88' lang='lat' dir='ltr'>von</span> <span class='ocrx_word' id='word_1_156' title='bbox 874 2353 1052 2437; x_wconf 74' lang='lat' dir='ltr'>Euripides</span> <span class='ocrx_word' id='word_1_157' title='bbox 1074 2353 1129 2416; x_wconf 84' lang='lat' dir='ltr'>fttr</span> <span class='ocrx_word' id='word_1_158' title='bbox 1151 2351 1319 2416; x_wconf 86' lang='lat' dir='ltr'>identisch</span> <span class='ocrx_word' id='word_1_159' title='bbox 1341 2352 1403 2414; x_wconf 92' lang='lat' dir='ltr'>mit</span> 
     </span>
     <span class='ocr_line' id='line_1_20' title="bbox 230 2457 1404 2544; baseline -0.004 -19"><span class='ocrx_word' id='word_1_160' title='bbox 230 2462 289 2526; x_wconf 91' lang='lat' dir='ltr'>der</span> <span class='ocrx_word' id='word_1_161' title='bbox 311 2461 457 2544; x_wconf 79' lang='lat' dir='ltr'>Thyone,</span> <span class='ocrx_word' id='word_1_162' title='bbox 480 2461 540 2525; x_wconf 88' lang='lat' dir='ltr'>der</span> <span class='ocrx_word' id='word_1_163' title='bbox 558 2460 685 2524; x_wconf 87' lang='lat' dir='ltr'>Mutter</span> <span class='ocrx_word' id='word_1_164' title='bbox 707 2460 766 2523; x_wconf 89' lang='lat' dir='ltr'>des</span> <span class='ocrx_word' id='word_1_165' title='bbox 781 2459 960 2541; x_wconf 87' lang='lat' dir='ltr'>Dyenysos</span> <span class='ocrx_word' id='word_1_166' title='bbox 982 2458 1139 2542; x_wconf 86' lang='lat' dir='ltr'>gehalten</span> <span class='ocrx_word' id='word_1_167' title='bbox 1160 2457 1283 2539; x_wconf 87' lang='lat' dir='ltr'>warde,</span> <span class='ocrx_word' id='word_1_168' title='bbox 1306 2475 1404 2539; x_wconf 86' lang='lat' dir='ltr'>sogar</span> 
     </span>
     <span class='ocr_line' id='line_1_21' title="bbox 229 2562 1404 2650; baseline -0.004 -18"><span class='ocrx_word' id='word_1_169' title='bbox 229 2569 306 2632; x_wconf 90' lang='lat' dir='ltr'>eine</span> <span class='ocrx_word' id='word_1_170' title='bbox 335 2567 526 2631; x_wconf 89' lang='lat' dir='ltr'>bestimmte</span> <span class='ocrx_word' id='word_1_171' title='bbox 550 2566 755 2648; x_wconf 85' lang='lat' dir='ltr'>Andeutung</span> <span class='ocrx_word' id='word_1_172' title='bbox 784 2583 851 2628; x_wconf 88' lang='lat' dir='ltr'>von</span> <span class='ocrx_word' id='word_1_173' title='bbox 880 2566 975 2628; x_wconf 89' lang='lat' dir='ltr'>einer</span> <span class='ocrx_word' id='word_1_174' title='bbox 998 2563 1187 2646; x_wconf 85' lang='lat' dir='ltr'>derartigen</span> <span class='ocrx_word' id='word_1_175' title='bbox 1209 2562 1325 2650; x_wconf 81' lang='lat' dir='ltr'>Gottin</span> <span class='ocrx_word' id='word_1_176' title='bbox 1347 2581 1404 2645; x_wconf 86' lang='lat' dir='ltr'>ge-</span> 
     </span>
    </p>
   </div>
   <div class='ocr_carea' id='block_1_4' title="bbox 119 2666 1404 2757">
    <p class='ocr_par' dir='ltr' id='par_1_4' title="bbox 119 2666 1404 2757">
     <span class='ocr_line' id='line_1_22' title="bbox 119 2666 1404 2757; baseline -0.006 -17"><span class='ocrx_word' id='word_1_177' title='bbox 119 2695 121 2702; x_wconf 86' lang='grc'><em>·</em></span> <span class='ocrx_word' id='word_1_178' title='bbox 227 2666 356 2757; x_wconf 75' lang='lat' dir='ltr'>geben?</span> <span class='ocrx_word' id='word_1_179' title='bbox 401 2671 544 2736; x_wconf 88' lang='lat' dir='ltr'>Dianam</span> <span class='ocrx_word' id='word_1_180' title='bbox 570 2673 686 2754; x_wconf 80' lang='lat' dir='ltr'>igitur,</span> <span class='ocrx_word' id='word_1_181' title='bbox 716 2689 815 2752; x_wconf 89' lang='lat' dir='ltr'>quam</span> <span class='ocrx_word' id='word_1_182' title='bbox 844 2669 984 2733; x_wconf 90' lang='lat' dir='ltr'>eandem</span> <span class='ocrx_word' id='word_1_183' title='bbox 1013 2688 1052 2733; x_wconf 88' lang='lat' dir='ltr'>ao</span> <span class='ocrx_word' id='word_1_184' title='bbox 1074 2669 1205 2733; x_wconf 88' lang='lat' dir='ltr'>Dionen</span> <span class='ocrx_word' id='word_1_185' title='bbox 1232 2687 1306 2733; x_wconf 89' lang='lat' dir='ltr'>esse</span> <span class='ocrx_word' id='word_1_186' title='bbox 1329 2687 1404 2751; x_wconf 90' lang='lat' dir='ltr'>pro·</span> 
     </span>
    </p>
   </div>
   <div class='ocr_carea' id='block_1_5' title="bbox 177 2774 1405 4128">
    <p class='ocr_par' dir='ltr' id='par_1_5' title="bbox 228 2774 1403 3601">
     <span class='ocr_line' id='line_1_23' title="bbox 228 2774 1403 2861; baseline -0.005 -17"><span class='ocrx_word' id='word_1_187' title='bbox 228 2780 396 2861; x_wconf 85' lang='lat' dir='ltr'>bavimus,</span> <span class='ocrx_word' id='word_1_188' title='bbox 425 2779 486 2842; x_wconf 89' lang='lat' dir='ltr'>illa</span> <span class='ocrx_word' id='word_1_189' title='bbox 515 2777 660 2842; x_wconf 87' lang='lat' dir='ltr'>naturali</span> <span class='ocrx_word' id='word_1_190' title='bbox 689 2779 724 2838; x_wconf 83' lang='lat' dir='ltr'>vi</span> <span class='ocrx_word' id='word_1_191' title='bbox 756 2778 793 2840; x_wconf 91' lang='lat' dir='ltr'>in</span> <span class='ocrx_word' id='word_1_192' title='bbox 815 2774 1130 2858; x_wconf 83' lang='lat' dir='ltr'>Indogermanorum</span> <span class='ocrx_word' id='word_1_193' title='bbox 1158 2775 1322 2857; x_wconf 86' lang='lat' dir='ltr'>religione</span> <span class='ocrx_word' id='word_1_194' title='bbox 1352 2775 1403 2838; x_wconf 92' lang='lat' dir='ltr'>in-</span> 
     </span>
     <span class='ocr_line' id='line_1_24' title="bbox 231 2880 1402 2966; baseline -0.002 -18"><span class='ocrx_word' id='word_1_195' title='bbox 231 2881 578 2966; x_wconf 77' lang='lat' dir='ltr'>structamiidemus,</span> <span class='ocrx_word' id='word_1_196' title='bbox 603 2902 668 2966; x_wconf 86' lang='lat' dir='ltr'>qua</span> <span class='ocrx_word' id='word_1_197' title='bbox 691 2882 778 2966; x_wconf 88' lang='lat' dir='ltr'>apud</span> <span class='ocrx_word' id='word_1_198' title='bbox 801 2880 942 2947; x_wconf 80' lang='lat' dir='ltr'>Semitas</span> <span class='ocrx_word' id='word_1_199' title='bbox 958 2882 1107 2946; x_wconf 83' lang='lat' dir='ltr'>Aschera</span> <span class='ocrx_word' id='word_1_200' title='bbox 1129 2882 1150 2944; x_wconf 91' lang='lat' dir='ltr'>i.</span> <span class='ocrx_word' id='word_1_201' title='bbox 1166 2899 1195 2945; x_wconf 88' lang='lat' dir='ltr'>e.</span> <span class='ocrx_word' id='word_1_202' title='bbox 1210 2881 1402 2964; x_wconf 85' lang='lat' dir='ltr'>Aphrodita.</span> 
     </span>
     <span class='ocr_line' id='line_1_25' title="bbox 228 2986 1402 3073; baseline -0.003 -19"><span class='ocrx_word' id='word_1_203' title='bbox 228 2989 295 3054; x_wconf 78' lang='lat' dir='ltr'>Sed</span> <span class='ocrx_word' id='word_1_204' title='bbox 327 2994 542 3073; x_wconf 88' lang='lat' dir='ltr'>posteaquam</span> <span class='ocrx_word' id='word_1_205' title='bbox 575 2989 616 3053; x_wconf 88' lang='lat' dir='ltr'>de</span> <span class='ocrx_word' id='word_1_206' title='bbox 645 2989 709 3052; x_wconf 89' lang='lat' dir='ltr'>diis</span> <span class='ocrx_word' id='word_1_207' title='bbox 737 2989 924 3052; x_wconf 88' lang='lat' dir='ltr'>sententiae</span> <span class='ocrx_word' id='word_1_208' title='bbox 953 2987 1040 3071; x_wconf 88' lang='lat' dir='ltr'>apud</span> <span class='ocrx_word' id='word_1_209' title='bbox 1068 2986 1213 3051; x_wconf 85' lang='lat' dir='ltr'>Graecos</span> <span class='ocrx_word' id='word_1_210' title='bbox 1241 2988 1402 3070; x_wconf 89' lang='lat' dir='ltr'>paulatim</span> 
     </span>
     <span class='ocr_line' id='line_1_26' title="bbox 229 3093 1402 3186; baseline -0.001 -27"><span class='ocrx_word' id='word_1_211' title='bbox 229 3115 283 3186; x_wconf 11' lang='lat' dir='ltr'>ex,</span> <span class='ocrx_word' id='word_1_212' title='bbox 296 3098 412 3179; x_wconf 89' lang='lat' dir='ltr'>populi</span> <span class='ocrx_word' id='word_1_213' title='bbox 433 3097 570 3179; x_wconf 83' lang='lat' dir='ltr'>ingenio</span> <span class='ocrx_word' id='word_1_214' title='bbox 589 3097 814 3177; x_wconf 85' lang='lat' dir='ltr'>commutatae</span> <span class='ocrx_word' id='word_1_215' title='bbox 838 3097 924 3176; x_wconf 89' lang='lat' dir='ltr'>sunt,</span> <span class='ocrx_word' id='word_1_216' title='bbox 948 3093 1046 3176; x_wconf 83' lang='lat' dir='ltr'>longe</span> <span class='ocrx_word' id='word_1_217' title='bbox 1068 3094 1157 3156; x_wconf 89' lang='lat' dir='ltr'>inter</span> <span class='ocrx_word' id='word_1_218' title='bbox 1179 3111 1216 3156; x_wconf 89' lang='lat' dir='ltr'>se</span> <span class='ocrx_word' id='word_1_219' title='bbox 1239 3093 1402 3158; x_wconf 86' lang='lat' dir='ltr'>dissidere</span> 
     </span>
     <span class='ocr_line' id='line_1_27' title="bbox 232 3198 1403 3283; baseline 0 -19"><span class='ocrx_word' id='word_1_220' title='bbox 232 3202 372 3265; x_wconf 83' lang='lat' dir='ltr'>duarum</span> <span class='ocrx_word' id='word_1_221' title='bbox 399 3203 537 3265; x_wconf 89' lang='lat' dir='ltr'>dearum</span> <span class='ocrx_word' id='word_1_222' title='bbox 565 3201 707 3264; x_wconf 82' lang='lat' dir='ltr'>virtutes</span> <span class='ocrx_word' id='word_1_223' title='bbox 736 3203 926 3283; x_wconf 88' lang='lat' dir='ltr'>coeperunt.</span> <span class='ocrx_word' id='word_1_224' title='bbox 970 3198 1079 3263; x_wconf 89' lang='lat' dir='ltr'>Diana</span> <span class='ocrx_word' id='word_1_225' title='bbox 1105 3198 1240 3281; x_wconf 90' lang='lat' dir='ltr'>quidem</span> <span class='ocrx_word' id='word_1_226' title='bbox 1262 3200 1403 3282; x_wconf 83' lang='lat' dir='ltr'>virginis</span> 
     </span>
     <span class='ocr_line' id='line_1_28' title="bbox 233 3304 1403 3390; baseline -0.003 -19"><span class='ocrx_word' id='word_1_227' title='bbox 233 3311 266 3370; x_wconf 89' lang='lat' dir='ltr'>et</span> <span class='ocrx_word' id='word_1_228' title='bbox 294 3308 476 3371; x_wconf 73' lang='lat' dir='ltr'>uanahicis</span> <span class='ocrx_word' id='word_1_229' title='bbox 505 3308 657 3390; x_wconf 87' lang='lat' dir='ltr'>speciem</span> <span class='ocrx_word' id='word_1_230' title='bbox 684 3305 806 3388; x_wconf 88' lang='lat' dir='ltr'>induit,</span> <span class='ocrx_word' id='word_1_231' title='bbox 835 3307 872 3369; x_wconf 91' lang='lat' dir='ltr'>in</span> <span class='ocrx_word' id='word_1_232' title='bbox 897 3305 1065 3369; x_wconf 87' lang='lat' dir='ltr'>Venerem</span> <span class='ocrx_word' id='word_1_233' title='bbox 1092 3309 1205 3368; x_wconf 88' lang='lat' dir='ltr'>autem</span> <span class='ocrx_word' id='word_1_234' title='bbox 1231 3304 1343 3368; x_wconf 89' lang='lat' dir='ltr'>officia</span> <span class='ocrx_word' id='word_1_235' title='bbox 1370 3308 1403 3368; x_wconf 94' lang='lat' dir='ltr'>et</span> 
     </span>
     <span class='ocr_line' id='line_1_29' title="bbox 233 3407 1403 3494; baseline 0.001 -21"><span class='ocrx_word' id='word_1_236' title='bbox 233 3413 373 3477; x_wconf 77' lang='lat' dir='ltr'>uirtutes</span> <span class='ocrx_word' id='word_1_237' title='bbox 400 3413 578 3476; x_wconf 88' lang='lat' dir='ltr'>mulierum</span> <span class='ocrx_word' id='word_1_238' title='bbox 605 3411 739 3494; x_wconf 88' lang='lat' dir='ltr'>propria</span> <span class='ocrx_word' id='word_1_239' title='bbox 767 3409 888 3474; x_wconf 87' lang='lat' dir='ltr'>collata</span> <span class='ocrx_word' id='word_1_240' title='bbox 916 3414 1001 3474; x_wconf 91' lang='lat' dir='ltr'>sunt.</span> <span class='ocrx_word' id='word_1_241' title='bbox 1052 3407 1172 3485; x_wconf 80' lang='lat' dir='ltr'>Quare·</span> <span class='ocrx_word' id='word_1_242' title='bbox 1190 3409 1311 3475; x_wconf 80' lang='lat' dir='ltr'>Graeci</span> <span class='ocrx_word' id='word_1_243' title='bbox 1340 3411 1403 3474; x_wconf 90' lang='lat' dir='ltr'>im·</span> 
     </span>
     <span class='ocr_line' id='line_1_30' title="bbox 229 3516 1403 3601; baseline -0.003 -20"><span class='ocrx_word' id='word_1_244' title='bbox 229 3517 337 3601; x_wconf 81' lang='lat' dir='ltr'>pediti</span> <span class='ocrx_word' id='word_1_245' title='bbox 354 3522 444 3599; x_wconf 82' lang='lat' dir='ltr'>sunt,</span> <span class='ocrx_word' id='word_1_246' title='bbox 465 3519 643 3599; x_wconf 82' lang='lat' dir='ltr'>quominus</span> <span class='ocrx_word' id='word_1_247' title='bbox 663 3517 700 3579; x_wconf 88' lang='lat' dir='ltr'>in</span> <span class='ocrx_word' id='word_1_248' title='bbox 719 3535 820 3580; x_wconf 89' lang='lat' dir='ltr'>unam</span> <span class='ocrx_word' id='word_1_249' title='bbox 836 3516 1041 3597; x_wconf 88' lang='lat' dir='ltr'>eandemque</span> <span class='ocrx_word' id='word_1_250' title='bbox 1057 3516 1137 3580; x_wconf 87' lang='lat' dir='ltr'>deas</span> <span class='ocrx_word' id='word_1_251' title='bbox 1154 3516 1403 3580; x_wconf 85' lang='lat' dir='ltr'>confunderent.</span> 
     </span>
    </p>

    <p class='ocr_par' dir='ltr' id='par_1_6' title="bbox 177 3611 1405 4128">
     <span class='ocr_line' id='line_1_31' title="bbox 319 3611 1403 3711; baseline -0.002 -25"><span class='ocrx_word' id='word_1_252' title='bbox 319 3621 446 3686; x_wconf 85' lang='lat' dir='ltr'>llianae</span> <span class='ocrx_word' id='word_1_253' title='bbox 469 3623 657 3686; x_wconf 87' lang='lat' dir='ltr'>naturalem</span> <span class='ocrx_word' id='word_1_254' title='bbox 678 3623 749 3686; x_wconf 87' lang='lat' dir='ltr'>vim</span> <span class='ocrx_word' id='word_1_255' title='bbox 770 3623 941 3705; x_wconf 90' lang='lat' dir='ltr'>triplicem</span> <span class='ocrx_word' id='word_1_256' title='bbox 970 3611 1044 3686; x_wconf 79' lang='lat' dir='ltr'>esse</span> <span class='ocrx_word' id='word_1_257' title='bbox 1066 3622 1232 3698; x_wconf 85' lang='lat' dir='ltr'>videmus,</span> <span class='ocrx_word' id='word_1_258' title='bbox 1262 3621 1403 3711; x_wconf 88' lang='lat' dir='ltr'>eumad</span> 
     </span>
     <span class='ocr_line' id='line_1_32' title="bbox 226 3727 1403 3792; baseline -0.003 0"><span class='ocrx_word' id='word_1_259' title='bbox 226 3734 340 3792; x_wconf 84' lang='lat' dir='ltr'>terrae</span> <span class='ocrx_word' id='word_1_260' title='bbox 362 3728 573 3792; x_wconf 72' lang='lat' dir='ltr'>fertilitatem</span> <span class='ocrx_word' id='word_1_261' title='bbox 602 3732 635 3792; x_wconf 86' lang='lat' dir='ltr'>et</span> <span class='ocrx_word' id='word_1_262' title='bbox 665 3728 707 3791; x_wconf 87' lang='lat' dir='ltr'>ad</span> <span class='ocrx_word' id='word_1_263' title='bbox 736 3729 906 3792; x_wconf 91' lang='lat' dir='ltr'>hominum</span> <span class='ocrx_word' id='word_1_264' title='bbox 929 3727 1069 3791; x_wconf 88' lang='lat' dir='ltr'>salutem</span> <span class='ocrx_word' id='word_1_265' title='bbox 1099 3731 1133 3790; x_wconf 91' lang='lat' dir='ltr'>et</span> <span class='ocrx_word' id='word_1_266' title='bbox 1155 3728 1197 3790; x_wconf 89' lang='lat' dir='ltr'>ad</span> <span class='ocrx_word' id='word_1_267' title='bbox 1219 3727 1403 3791; x_wconf 88' lang='lat' dir='ltr'>bestiarum</span> 
     </span>
     <span class='ocr_line' id='line_1_33' title="bbox 177 3820 1402 3918; baseline -0.001 -21"><span class='ocrx_word' id='word_1_268' title='bbox 177 3861 180 3870; x_wconf 90' lang='lat'><em>·</em></span> <span class='ocrx_word' id='word_1_269' title='bbox 228 3853 347 3897; x_wconf 82' lang='lat' dir='ltr'>curam</span> <span class='ocrx_word' id='word_1_270' title='bbox 367 3835 541 3917; x_wconf 86' lang='lat' dir='ltr'>pertineat.</span> <span class='ocrx_word' id='word_1_271' title='bbox 581 3833 701 3897; x_wconf 80' lang='lat' dir='ltr'>Terrae</span> <span class='ocrx_word' id='word_1_272' title='bbox 724 3853 804 3898; x_wconf 87' lang='lat' dir='ltr'>vero</span> <span class='ocrx_word' id='word_1_273' title='bbox 828 3820 984 3898; x_wconf 80' lang='lat' dir='ltr'>fertilitas</span> <span class='ocrx_word' id='word_1_274' title='bbox 1001 3834 1189 3898; x_wconf 87' lang='lat' dir='ltr'>continetur</span> <span class='ocrx_word' id='word_1_275' title='bbox 1205 3837 1238 3895; x_wconf 93' lang='lat' dir='ltr'>et</span> <span class='ocrx_word' id='word_1_276' title='bbox 1251 3833 1288 3918; x_wconf 75' lang='lat' dir='ltr'>ui</span> <span class='ocrx_word' id='word_1_277' title='bbox 1303 3833 1402 3896; x_wconf 92' lang='lat' dir='ltr'>humo</span> 
     </span>
     <span class='ocr_line' id='line_1_34' title="bbox 230 3937 1402 4022; baseline -0.002 -20"><span class='ocrx_word' id='word_1_278' title='bbox 230 3942 435 4002; x_wconf 86' lang='lat' dir='ltr'>immanente</span> <span class='ocrx_word' id='word_1_279' title='bbox 454 3943 492 4002; x_wconf 87' lang='lat' dir='ltr'>et</span> <span class='ocrx_word' id='word_1_280' title='bbox 510 3957 674 4022; x_wconf 88' lang='lat' dir='ltr'>aquarum</span> <span class='ocrx_word' id='word_1_281' title='bbox 697 3940 901 4022; x_wconf 86' lang='lat' dir='ltr'>irrigatione.</span> <span class='ocrx_word' id='word_1_282' title='bbox 938 3938 1055 4021; x_wconf 88' lang='lat' dir='ltr'>Itaque</span> <span class='ocrx_word' id='word_1_283' title='bbox 1078 3939 1160 4003; x_wconf 91' lang='lat' dir='ltr'>duas</span> <span class='ocrx_word' id='word_1_284' title='bbox 1183 3937 1402 4001; x_wconf 88' lang='lat' dir='ltr'>discernimus</span> 
     </span>
     <span class='ocr_line' id='line_1_35' title="bbox 227 4044 1405 4128; baseline -0.001 -19"><span class='ocrx_word' id='word_1_285' title='bbox 227 4045 315 4109; x_wconf 83' lang='lat' dir='ltr'>deae</span> <span class='ocrx_word' id='word_1_286' title='bbox 337 4045 499 4108; x_wconf 85' lang='lat' dir='ltr'>naturalis</span> <span class='ocrx_word' id='word_1_287' title='bbox 519 4045 724 4128; x_wconf 84' lang='lat' dir='ltr'>provincias,</span> <span class='ocrx_word' id='word_1_288' title='bbox 755 4063 877 4128; x_wconf 91' lang='lat' dir='ltr'>nempe</span> <span class='ocrx_word' id='word_1_289' title='bbox 905 4048 1028 4108; x_wconf 89' lang='lat' dir='ltr'>terram</span> <span class='ocrx_word' id='word_1_290' title='bbox 1054 4044 1168 4127; x_wconf 73' lang='lat' dir='ltr'>fulges</span> <span class='ocrx_word' id='word_1_291' title='bbox 1193 4044 1347 4107; x_wconf 89' lang='lat' dir='ltr'>edentem</span> <span class='ocrx_word' id='word_1_292' title='bbox 1370 4048 1405 4108; x_wconf 89' lang='lat' dir='ltr'>et</span> 
     </span>
    </p>
   </div>
   <div class='ocr_carea' id='block_1_6' title="bbox 112 4149 1402 4238">
    <p class='ocr_par' dir='ltr' id='par_1_7' title="bbox 112 4149 1402 4238">
     <span class='ocr_line' id='line_1_36' title="bbox 112 4149 1402 4238; baseline 0 -24"><span class='ocrx_word' id='word_1_293' title='bbox 112 4181 114 4184; x_wconf 30' lang='lat' dir='ltr'>v</span> <span class='ocrx_word' id='word_1_294' title='bbox 228 4169 353 4232; x_wconf 84' lang='lat' dir='ltr'>aquam</span> <span class='ocrx_word' id='word_1_295' title='bbox 373 4151 513 4214; x_wconf 87' lang='lat' dir='ltr'>humum</span> <span class='ocrx_word' id='word_1_296' title='bbox 536 4151 740 4232; x_wconf 85' lang='lat' dir='ltr'>irrigantem.</span> <span class='ocrx_word' id='word_1_297' title='bbox 779 4150 901 4238; x_wconf 80' lang='lat' dir='ltr'>Contra</span> <span class='ocrx_word' id='word_1_298' title='bbox 923 4150 984 4213; x_wconf 87' lang='lat' dir='ltr'>illa</span> <span class='ocrx_word' id='word_1_299' title='bbox 1006 4149 1070 4213; x_wconf 91' lang='lat' dir='ltr'>duo</span> <span class='ocrx_word' id='word_1_300' title='bbox 1085 4149 1214 4213; x_wconf 89' lang='lat' dir='ltr'>Dianae</span> <span class='ocrx_word' id='word_1_301' title='bbox 1236 4149 1402 4233; x_wconf 88' lang='lat' dir='ltr'>benificia,</span> 
     </span>
    </p>
   </div>
   <div class='ocr_carea' id='block_1_7' title="bbox 231 4255 1403 4339">
    <p class='ocr_par' dir='ltr' id='par_1_8' title="bbox 231 4255 1403 4339">
     <span class='ocr_line' id='line_1_37' title="bbox 231 4255 1403 4339; baseline 0.001 -20"><span class='ocrx_word' id='word_1_302' title='bbox 231 4257 405 4320; x_wconf 87' lang='lat' dir='ltr'>hominum</span> <span class='ocrx_word' id='word_1_303' title='bbox 429 4255 569 4319; x_wconf 87' lang='lat' dir='ltr'>tutelam</span> <span class='ocrx_word' id='word_1_304' title='bbox 599 4259 633 4319; x_wconf 87' lang='lat' dir='ltr'>et</span> <span class='ocrx_word' id='word_1_305' title='bbox 658 4255 843 4320; x_wconf 85' lang='lat' dir='ltr'>bestiarum</span> <span class='ocrx_word' id='word_1_306' title='bbox 872 4273 999 4335; x_wconf 87' lang='lat' dir='ltr'>curam,</span> <span class='ocrx_word' id='word_1_307' title='bbox 1030 4256 1068 4318; x_wconf 89' lang='lat' dir='ltr'>in</span> <span class='ocrx_word' id='word_1_308' title='bbox 1095 4273 1198 4319; x_wconf 90' lang='lat' dir='ltr'>unum</span> <span class='ocrx_word' id='word_1_309' title='bbox 1227 4255 1403 4339; x_wconf 89' lang='lat' dir='ltr'>complecti</span> 
     </span>
    </p>
   </div>
   <div class='ocr_carea' id='block_1_8' title="bbox 307 4482 1192 4642">
    <p class='ocr_par' dir='ltr' id='par_1_9' title="bbox 307 4482 1192 4642">
     <span class='ocr_line' id='line_1_38' title="bbox 307 4482 957 4553; baseline 0.002 -16"><span class='ocrx_word' id='word_1_310' title='bbox 307 4482 329 4550; x_wconf 67' lang='lat'>¹.)</span> <span class='ocrx_word' id='word_1_311' title='bbox 349 4483 383 4537; x_wconf 85' lang='lat' dir='ltr'>cl.</span> <span class='ocrx_word' id='word_1_312' title='bbox 401 4483 548 4549; x_wconf 87' lang='lat' dir='ltr'>Preller,</span> <span class='ocrx_word' id='word_1_313' title='bbox 567 4483 656 4552; x_wconf 73' lang='lat' dir='ltr'>Myth.</span> <span class='ocrx_word' id='word_1_314' title='bbox 675 4483 721 4541; x_wconf 80' lang='lat' dir='ltr'>Gr.</span> <span class='ocrx_word' id='word_1_315' title='bbox 742 4483 761 4550; x_wconf 79' lang='grc' dir='ltr'>Ι,</span> <span class='ocrx_word' id='word_1_316' title='bbox 780 4502 808 4553; x_wconf 89' lang='lat' dir='ltr'>p.</span> <span class='ocrx_word' id='word_1_317' title='bbox 826 4485 877 4540; x_wconf 78' lang='lat'>271</span> <span class='ocrx_word' id='word_1_318' title='bbox 896 4500 957 4551; x_wconf 83' lang='lat' dir='ltr'>sqq.</span> 
     </span>
     <span class='ocr_line' id='line_1_39' title="bbox 1154 4586 1192 4642; baseline 0 -24"><span class='ocrx_word' id='word_1_319' title='bbox 1154 4586 1192 4642; x_wconf 64' lang='lat'>4*</span> 
     </span>
    </p>
   </div>
   <div class='ocr_carea' id='block_1_9' title="bbox 0 0 1693 5192">
    <p class='ocr_par' dir='ltr' id='par_1_10' title="bbox 0 0 1693 5192">
     <span class='ocr_line' id='line_1_40' title="bbox 0 0 1693 5192; baseline 0 0"><span class='ocrx_word' id='word_1_320' title='bbox 0 0 1693 5192; x_wconf 95' lang='lat' dir='ltr'> </span> 
     </span>
    </p>
   </div>
  </div>
 </body>
</html>
