3367 5192
707 327 865 388 ,83

256 535 427 615 reguntur,
456 532 561 598 altera
583 535 707 616 mortis,
737 535 845 599 altera
866 535 958 600 belli.
1003 532 1095 610 Quae
1124 536 1214 599 enim
1241 535 1304 600 dea
1326 536 1432 600 homi·

254 636 354 702 nibus
384 638 573 720 periculosa
603 643 663 722 est,
698 657 739 704 ea
769 639 917 704 ferocem
947 644 1101 704 naturam
1131 639 1291 705 exhibeat
1318 659 1428 724 neque

257 759 277 804 a
311 740 466 806 bellando
501 742 676 809 abhorreat
709 762 848 810 necesse
890 749 950 809 eet.
1006 742 1195 809 Mortifera'
1211 763 1291 809 vero
1322 743 1431 810 Diana

258 845 348 911 iacta
382 852 451 930 est,
499 867 575 912 cum
618 854 652 913 et
688 854 798 915 terrae
844 855 878 915 et
914 836 1022 915 noctis
1060 850 1319 914 dominationem
1357 869 1431 914 eam

257 950 409 1016 obtinere
451 957 607 1038 putarent
644 952 764 1018 Graeci
809 973 951 1038 cumque
990 956 1117 1019 animas
1154 959 1357 1020 mortuorum
1394 957 1432 1019 in

260 1055 507 1121 tenebricosum
547 1077 662 1122 orcum
704 1037 907 1126 descendere
948 1061 1170 1143 opinarentur.
1229 1057 1431 1125 Umbrarum

258 1161 362 1244 igitur
391 1161 524 1227 domina
551 1165 793 1247 antiquissimis
819 1165 1025 1248 temporibus
1046 1163 1154 1228 Diana
1177 1164 1374 1229 credebatur
1397 1173 1432 1231 et

260 1267 356 1330 cuius
378 1266 585 1351 benignitate
613 1270 764 1335 homines
787 1271 822 1333 in
845 1271 949 1334 vitam
971 1269 1101 1334 inducti
1124 1273 1249 1352 essent,
1279 1270 1428 1335 eiusdem

256 1371 343 1436 deae
365 1372 443 1437 telis
467 1373 509 1437 ad
530 1373 655 1438 inferos
679 1392 715 1438 se
738 1373 871 1438 demitti
892 1375 1063 1458 putabant.
1100 1376 1133 1438 A
1155 1375 1281 1458 gremio
1297 1373 1430 1460 Iertae,

255 1477 406 1540 omnium
428 1496 540 1543 rerum
563 1480 747 1543 communis
769 1480 927 1562 parentis,
950 1479 1116 1562 profectos
1139 1479 1291 1544 homines
1315 1499 1430 1545 rursus

237 1600 317 1670 ,per
342 1584 459 1647 mortis
486 1585 621 1648 ianuam
648 1584 690 1649 ad
717 1589 859 1661 matrem
886 1583 998 1648 redire
1024 1604 1092 1649 non
1119 1585 1226 1648 solum
1253 1604 1314 1650 nos
1343 1587 1433 1670 cogi-

251 1689 374 1770 tamus,
398 1687 457 1752 sed
480 1690 581 1753 etiam
596 1687 742 1753 Graecos
763 1691 812 1753 Ita
834 1691 980 1754 sensisse
999 1689 1116 1773 figuris
1131 1690 1229 1753 buius
1245 1689 1429 1754 inferorum

256 1789 340 1856 deae
367 1791 567 1875 declaratur,
595 1812 681 1877 quae
710 1798 896 1858 matronam
921 1794 1051 1858 infante
1082 1795 1193 1858 addito
1226 1792 1428 1876 exhibent1).

259 1894 380 1961 Graeci
403 1901 515 1962 autem
535 1917 610 1962 oum
625 1898 667 1964 de
683 1899 747 1962 diis
763 1902 946 1964 sententiae
961 1901 1090 1964 variare
1107 1901 1304 1982 coepissent,
1327 1900 1430 1984 vulgo

259 2001 341 2067 duas
364 2002 614 2087 distinguebant
635 2004 729 2088 deas,
756 2003 993 2088 Proserpinam
1015 2024 1035 2069 a
1056 2003 1184 2069 Dianae
1207 2023 1351 2088 persona
1373 2005 1430 2068 de·

257 2107 431 2173 elinantes.
475 2107 606 2174 Deinde
635 2129 749 2176 rursus
778 2110 942 2175 divisione
974 2111 1064 2174 tacta
1090 2109 1255 2174 Hecatam
1282 2108 1431 2174 a·Diana

259 2211 463 2278 diremerunt
491 2215 545 2278 illi
570 2215 768 2297 inferorum,
805 2216 885 2278 huic
920 2220 1030 2280 terrae
1057 2216 1209 2298 regimen
1235 2215 1432 2279 tribuentes.

257 2315 382 2382 Pamen
405 2320 507 2382 etiam
528 2318 636 2383 Diana
662 2320 757 2383 illam
782 2319 966 2384 inferorum
993 2318 1076 2384 deae
1099 2323 1252 2384 naturam
1274 2321 1431 2402 servarit,

259 2423 355 2487 cuius
377 2424 428 2487 rei
450 2425 641 2489 testimonia
664 2423 784 2488 abbinc
807 2443 998 2508 proponam.

346 2527 497 2593 Primum
530 2529 659 2594 Dianae
692 2535 726 2596 et
758 2530 979 2614 Proserpinae
1014 2530 1251 2594 similitudines
1285 2533 1432 2594 statuere

259 2651 341 2716 opus
369 2639 429 2699 est
479 2633 622 2699 Dianam
650 2635 690 2700 ab
723 2636 894 2716 Aeschylo
929 2635 1061 2699 cereris
1092 2634 1196 2698 filiam
1216 2635 1432 2725 'nominatam

260 2757 334 2804 esse
363 2758 463 2822 supra
488 2741 556 2804 iam
583 2742 931 2822 commemoravimus,
960 2744 1034 2824 qua
1053 2732 1160 2804 dere
1186 2739 1249 2802 illa
1270 2739 1433 2818 Aeschyli

264 2847 373 2908 aetate
396 2843 478 2908 duas
501 2844 581 2908 deas
603 2863 671 2908 non
692 2845 817 2926 ubique
833 2844 1008 2909 distinctas
1024 2845 1128 2909 fuisse
1144 2845 1268 2928 opinor.
1305 2843 1433 2908 Eodem

261 2948 477 3013 conducimur
489 2952 519 3014 si
531 2952 726 3034 cognomina
741 2952 916 3031 utriusque
926 2952 1021 3033 paria
1035 2968 1109 3015 esse
1126 2948 1431 3030 animadvertimus,

263 3073 407 3136 namque
423 3063 457 3119 et
471 3050 676 3138 Despoena²)
691 3059 831 3138 utraque
849 3055 1078 3138 appellabatur
1093 3058 1127 3118 et
1142 3049 1255 3136 Gora³)
1273 3061 1320 3117 sc.
1335 3051 1435 3134 loris,

244 3163 294 3223 'et
328 3156 497 3244 Soteira4).
553 3158 698 3243 Figurae
732 3160 853 3224 deinde
892 3160 1028 3223 dearum
1062 3159 1189 3223 similes
1224 3163 1315 3239 sunt,
1358 3174 1434 3220 cum

258 3263 461 3348 Proserpina
483 3284 613 3347 quoque
636 3265 804 3330 interdum
826 3265 971 3329 faculam
994 3283 1114 3348 gerens
1134 3263 1212 3328 ficta
1228 3259 1310 3345 sit⁶).
1348 3260 1432 3325 I'um

260 3371 343 3435 haee
373 3369 511 3434 floribus
540 3375 655 3436 ornata
678 3389 752 3436 esse
776 3371 874 3452 solet,
906 3371 1027 3451 quibus
1055 3371 1146 3433 reris
1169 3369 1232 3464 dea
1254 3369 1430 3449 indicatur,

257 3475 391 3558 qualem
413 3474 555 3539 Dianam
583 3495 657 3550 esse
688 3477 756 3539 iam
786 3475 967 3541 docuimus.
1020 3473 1173 3556 Denique
1206 3478 1317 3538 autem
1352 3471 1434 3536 Pro·

333 3736 354 3804 ¹)
373 3737 545 3793 Berolinensi
567 3738 597 3792 in
620 3753 714 3793 museo
736 3737 895 3807 permultae
917 3735 989 3791 tales
1011 3737 1108 3790 artam
1129 3735 1243 3804 figurae.
1280 3733 1315 3788 cf.
1333 3732 1433 3789 Aeech.

259 3825 334 3880 Pers.
351 3843 377 3881 r.
397 3824 457 3880 628.
493 3825 616 3895 (lhoepb.
634 3843 661 3881 r.
679 3823 740 3881 399.

333 3909 355 3980 ¹)
374 3913 409 3968 cf.
427 3912 459 3966 P.
476 3912 511 3982 V,
531 3915 572 3979 15,
591 3914 617 3968 4.

334 3998 356 4068 ⁸)
375 4000 410 4056 ci.
428 3999 460 4057 P.
478 3999 554 4066 VIII,
573 4001 617 4067 37,
636 3998 665 4066 9,
685 4000 733 4067 IX,
753 3998 796 4066 39,
814 3999 846 4054 4:
864 3994 958 4067 Κόρης
974 3994 1059 4064 θήρα.

333 4084 357 4156 4)
376 4087 571 4158 Proserpinam
597 4088 638 4143 sic
659 4087 834 4144 nommatam
859 4086 946 4141 babes
967 4084 998 4140 P.
1020 4083 1074 4149 ΠΙ,
1099 4082 1146 4149 13,
1171 4084 1202 4148 2;
1230 4080 1310 4147 VIII,
1332 4082 1380 4147 31,
1408 4081 1434 4136 l.

260 4176 409 4243 Praeterea
425 4175 607 4247 Proserpinae
631 4177 660 4232 et
677 4176 784 4231 Dianae
803 4173 940 4230 attributa
962 4175 1027 4228 sunt
1049 4164 1133 4239 ἁγνή,
1160 4171 1195 4226 ct.
1213 4169 1244 4226 P.
1262 4169 1310 4235 IV,
1335 4168 1383 4235 33,
1402 4167 1433 4232 4;

259 4260 410 4332 Πολύβοια.
445 4263 566 4333 Hesych.
585 4282 605 4319 s.
624 4282 663 4319 v.:
689 4261 832 4331 Πολύβοια
849 4257 917 4323 θεός
938 4278 980 4323 τις
1000 4252 1047 4313 du’
1067 4253 1146 4312 aas
1167 4249 1357 4325 μὲνἈρτομος,
1376 4249 1434 4308 dard

258 4345 292 4403 di
310 4343 398 4403 uiliora
414 4348 500 4419 Κόρη.

333 4433 355 4504 ⁵)
375 4437 411 4496 cf.
427 4436 575 4504 Preller,
594 4435 685 4506 Mytb.
703 4435 749 4491 Gr.
768 4435 789 4503 I,
808 4454 836 4506 p.
856 4434 917 4501 654,
935 4434 994 4490 not·
1011 4433 1037 4488 3.

1182 4532 1221 4589 6*
