3367 5192
802 357 845 419 73

233 561 354 645 dicit1).
398 563 536 629 Rectius
560 568 672 630 autem
694 564 836 630 Dianam
857 583 935 631 mea
956 566 1092 649 quidem
1112 569 1281 632 sententia
1302 568 1408 632 nomi·
1450 559 1453 564 ’

232 675 356 751 nasset,
379 689 466 752 quae
490 689 565 734 cum
587 670 754 736 Mercurio
784 673 941 756 coniungi
961 673 1057 755 solet,
1083 673 1120 736 id
1141 672 1230 755 quod
1252 673 1312 738 illo
1334 674 1408 738 loco

233 776 359 841 iactum
381 780 441 842 est.
472 775 580 841 Diana
603 779 694 841 enim
716 779 790 862 ipsa
811 779 849 842 in
870 778 1006 843 illorum
1027 779 1165 844 deorum
1179 797 1327 861 numero,
1349 779 1409 860 qui

232 881 282 946 ibi
304 886 476 965 vocentur,
501 900 567 947 non
591 887 651 948 est.
682 881 799 964 Itaque
821 883 920 948 deam
941 888 1088 950 noetram
1112 885 1214 950 etiam
1227 883 1409 950 infantium

235 1006 347 1052 curam
376 988 500 1054 habere
524 987 724 1072 cogitabant,
755 990 843 1072 quod
866 989 1015 1054 officium
1043 989 1203 1054 videlicet
1233 1009 1310 1054 cum
1338 990 1407 1072 ilio,

233 1111 299 1174 quo
321 1095 385 1158 dea
406 1097 529 1158 matres
553 1095 590 1157 in
612 1094 771 1178 pariendo
793 1094 938 1177 adiuvat,
961 1098 1034 1159 arte
1056 1095 1221 1160 cohaeret.

321 1215 475 1299 Denique
515 1216 792 1298 quemadmodum
824 1217 949 1300 puellis
981 1218 1223 1300 patrocinatur,
1264 1220 1314 1282 sic
1353 1219 1410 1283 vel

141 1345 145 1350 ·
234 1319 463 1389 adolescentes
478 1327 642 1407 perpetua
659 1341 738 1386 cura
753 1323 966 1406 prosequitur
977 1341 1100 1405 eosque
1111 1323 1409 1388 exercitationibus

233 1429 364 1494 validos
398 1429 517 1494 reddit.
563 1426 680 1510 Itaque
714 1427 822 1492 Diana
857 1429 958 1492 etiam
992 1430 1239 1512 gymnasiorum
1273 1447 1409 1512 praeses

233 1535 402 1600 interdum
436 1553 473 1598 se
507 1529 685 1618 praebet2),
720 1533 809 1597 unde
838 1532 936 1598 Elide
960 1530 1153 1613 Φιλομεῖραξ
1186 1531 1409 1618 ποώποτ’),

235 1644 374 1724 eiusque
396 1641 558 1725 templum
582 1659 685 1724 prope
708 1641 919 1723 gymasium
941 1643 1022 1703 erat.

321 1763 491 1849 Imprimis
514 1769 635 1848 autem,
668 1783 744 1828 cum
767 1781 929 1846 equorum
958 1781 1071 1827 curam
1100 1763 1247 1846 haberet,
1278 1765 1410 1845 qualem

234 1872 334 1954 paulo
359 1871 446 1934 inira
468 1870 707 1953 describemus,
736 1869 973 1934 certaminibus
997 1869 1217 1952 quadrigariis
1246 1871 1410 1934 interesse

233 1978 475 2058 victoriamque
505 1976 667 2061 praebere
689 1976 797 2040 Diana
819 1976 1006 2060 putabatur,
1035 1993 1100 2058 qua
1123 1975 1164 2038 de
1186 1994 1223 2039 re
1246 1974 1410 2039 Pindarus

235 2101 310 2146 eam
332 2081 509 2166 magnifice
532 2082 705 2166 praedicat
727 2081 824 2162 Pytb
847 2079 892 2163 11,
908 2101 945 2144 r.
970 2082 1010 2144 11
1036 2098 1107 2163 sqq.

324 2205 453 2270 Dianae
488 2208 601 2290 signa,
636 2225 721 2290 quae
755 2205 797 2269 ad
828 2206 914 2268 hanc
943 2205 1016 2268 eius
1050 2207 1202 2268 naturam
1235 2201 1412 2269 referenda

236 2316 320 2394 sunt,
359 2316 415 2377 aut
449 2316 562 2377 erecta
596 2311 703 2395 figura
740 2310 941 2376 conformata
975 2313 1077 2390 erant,
1113 2313 1171 2373 aut
1197 2308 1346 2373 sedentis
1375 2310 1410 2372 in

236 2421 319 2484 solio
353 2415 499 2483 feminae
534 2419 682 2502 speciem
714 2415 919 2502 praebebant
948 2420 982 2478 et
1012 2416 1088 2500 polo
1116 2416 1188 2479 sive
1220 2415 1333 2479 modio
1360 2416 1411 2478 in-

236 2529 361 2590 structa
384 2528 487 2606 erant,
512 2542 576 2608 quo
599 2523 751 2604 symbolo
776 2523 838 2586 dea
859 2521 1021 2585 naturalis
1050 2519 1265 2604 significatur.
1313 2517 1410 2585 Tales

234 2650 314 2696 vero
343 2630 470 2716 figurae
502 2631 611 2695 minus
640 2631 676 2693 in
697 2628 843 2714 publicis
866 2628 1001 2710 templis
1026 2646 1123 2709 quam
1146 2627 1183 2690 in
1205 2627 1410 2710 privatorum

236 2738 390 2802 sacrariis
414 2733 664 2817 adhibebantur,
689 2752 765 2798 cum
788 2732 953 2816 exipsius
976 2731 1058 2795 deae
1081 2735 1200 2794 natura
1223 2732 1279 2796 hic
1301 2752 1411 2814 pervar-

235 2838 322 2914 κείας
343 2837 424 2914 θεᾶς
452 2842 559 2906 cultus
587 2842 693 2923 magis
723 2837 764 2902 ad
793 2837 939 2902 familias
970 2837 1119 2921 singulas
1149 2855 1249 2919 quam
1274 2837 1315 2901 ad
1337 2838 1411 2901 uni·

235 2965 366 3012 versem
391 2949 562 3012 civitatem
584 2947 777 3030 pertineret.
821 2941 940 3025 ltaque
955 2941 1116 3026 plurimas
1132 2941 1267 3023 quidem
1285 2941 1411 3007 Dianae

237 3052 336 3116 huius
359 3052 482 3138 figuras
505 3070 624 3136 parvas
647 3050 779 3136 figlinas
802 3049 974 3129 habemus,
996 3047 1125 3111 nullum
1147 3067 1228 3113 vero
1254 3067 1412 3132 magnum

237 3163 344 3240 epus'
375 3156 515 3222 Illarum
545 3161 656 3221 autem
684 3155 863 3240 figurarum
885 3153 1115 3218 Berolinensis
1138 3155 1246 3218 musei
1269 3155 1305 3217 in
1329 3155 1413 3219 anti·

237 3265 353 3347 quario
390 3281 530 3348 magnus
568 3281 726 3326 numerus
772 3263 1001 3342 conservatur,
1047 3260 1167 3342 quibus
1213 3279 1413 3344 quamquam

236 3370 383 3433 nondum
412 3373 502 3434 certo
529 3367 657 3432 Dianae
687 3369 822 3431 nomine
850 3364 1008 3429 definitae
1042 3369 1132 3447 sunt,
1163 3369 1277 3430 tamen
1313 3366 1412 3430 huius

198 3513 200 3518 .
237 3473 321 3539 deae
343 3492 466 3540 nomen
489 3474 726 3559 imponendum
753 3490 827 3536 esse
856 3469 1082 3554 compluribus
1105 3472 1310 3554 argumentis
1338 3491 1413 3556 pro-

237 3579 317 3644 bare
346 3598 491 3666 possum.
535 3579 648 3644 Primo
677 3577 811 3659 quidem
836 3575 1002 3656 adiectiva
1026 3570 1260 3656 χρυσόθρονος,
1294 3569 1413 3654 educo

312 3867 333 3936 ¹)
352 3863 402 3926 ‘Ge
419 3859 612 3938 Oumbupbos'
632 3865 717 3924 ctiam
735 3863 812 3936 apud
829 3865 860 3920 P.
878 3863 901 3929 1,
918 3861 963 3930 id,
981 3864 1007 3920 3.

312 3955 334 4024 ²)
352 3957 464 4014 Hau'ed.
477 3937 592 4027 ruas..
606 3953 847 4104 mii-&maz
853 3953 1025 4106 Pomm.
1043 3951 1087 4008 21.
1121 3951 1185 4008 Eur.
1198 3951 1284 4022 Hipp.
1302 3969 1329 4010 r.
1344 3950 1413 4010 aas:

580 4047 607 4098 A
674 4035 746 4095 as’,‘
814 4034 828 4060 '¹
846 4056 923 4107 caras
1011 4056 1044 4102 ue

578 4127 625 4183 aui
641 4127 797 4197 γυμνασίων
811 4127 867 4180 aar
883 4123 1059 4192 incudm

447 4269 450 4277 .
578 4213 639 4270 effi!
654 4213 782 4284 prvelim
798 4208 828 4266 ἐν
845 4215 903 4276 σοῖς
918 4207 1051 4274 δαπέδοις

580 4297 688 4360 πώλους
701 4294 814 4360 'Enitar
829 4292 1038 4365 δαμώζομένα.

314 4402 336 4472 ⁸)
355 4405 387 4462 P.
399 4405 448 4473 vl,
465 4403 510 4473 88,
524 4403 552 4463 8.
574 4407 616 4462 Ex
629 4405 798 4462 Wsiakari
816 4404 957 4461 math
968 4403 1018 4472 (Π,
1029 4400 1148 4474 pdbdir
1163 4396 1228 4459 'mit
1237 4401 1414 4473 smpialung

242 4493 291 4549 dea
307 4492 489 4550 Velkswitrea
504 4494 556 4549 aui
569 4494 617 4549 dia
634 4493 744 4563 spretio,
760 4491 881 4548 keurcbe
899 4486 1013 4560 Gottim’
1033 4492 1108 4560 qnod
1125 4489 1218 4547 dnus
1234 4493 1340 4562 putem.
