3367 5192
809 419 874 482 101

250 623 464 714 Daphnaeam
486 629 554 694 iam
583 631 968 712 commemoraverimus,
1000 629 1082 694 satis
1109 647 1269 714 apparere
1293 629 1428 694 videtur

250 735 378 800 oraculi
413 735 601 820 praesidem
637 737 744 820 primo
777 733 883 800 finisse
917 735 1105 799 naturalem
1138 740 1285 802 noemam
1319 735 1425 819 deam,

251 859 351 924 quarn
373 847 490 926 postea
511 843 612 926 vulgo
625 835 779 924 ’Ἄρτεμιν
802 841 1024 926 appellabant,
1047 839 1134 924 quod
1156 840 1292 924 quidem
1306 858 1429 905 nomen

138 935 141 939 ⁴
252 947 483 1030 antiquissima
506 953 615 1014 aetate
639 945 779 1032 Delphis
801 967 869 1012 non
892 950 1052 1012 usitatum
1075 943 1186 1030 erat¹).

340 1053 414 1120 Hoc
439 1055 544 1139 igitur
566 1053 735 1120 Themidis
762 1056 898 1119 nomine
926 1053 1088 1119 naturalis
1117 1053 1181 1118 dea
1211 1053 1427 1136 significatur,

252 1179 337 1242 quae
361 1161 474 1244 legum
502 1166 536 1226 61
564 1162 782 1226 humanarum
811 1165 847 1226 et
874 1160 1062 1225 divinarum
1092 1161 1305 1241 omniumque
1333 1163 1428 1222 natu·

251 1265 372 1331 ralium
398 1283 512 1331 rerum
535 1271 646 1332 custos
673 1265 859 1332 habebatur
885 1282 995 1348 neque
1019 1285 1039 1330 a
1060 1264 1186 1330 Nabrra
1207 1266 1297 1350 ipsa,
1328 1283 1428 1347 quam

251 1366 365 1436 divino
387 1373 523 1456 ingenio
546 1372 732 1457 praeditam
755 1391 830 1438 esse
852 1371 1023 1456 putabant,
1046 1369 1192 1437 discerni
1211 1373 1332 1455 potest,
1353 1371 1375 1433 i.
1399 1389 1427 1435 e.

252 1475 421 1543 aDianae
443 1480 591 1544 nurnine.

339 1581 519 1650 Praeterea
541 1590 655 1650 autem
676 1585 739 1651 dea
761 1586 858 1668 quasi
881 1590 975 1649 vates
996 1588 1141 1669 apparet,
1164 1601 1240 1648 cum
1256 1583 1427 1648 oraculum

249 1689 449 1775 possederit,
477 1694 512 1754 et
539 1693 672 1774 poetica
699 1689 812 1756 indole
841 1693 1004 1756 instructa
1031 1693 1076 1756 slt
1103 1707 1242 1755 necesse
1267 1695 1327 1755 est
1372 1687 1428 1753 Sic

250 1797 311 1861 illa
339 1797 469 1861 musica
499 1796 582 1861 deae
613 1797 666 1860 vis
697 1791 897 1880 explicanda
928 1802 988 1881 est,
1022 1811 1107 1879 quae
1143 1798 1180 1860 in
1203 1795 1312 1861 Diana
1343 1812 1430 1859 com·

249 1907 355 1986 paret.
385 1901 567 1968 Praetores
587 1904 713 1967 intacta
728 1903 897 1986 silvanum,
920 1908 1099 1987 pratorum,
1123 1904 1286 1967 montium
1301 1904 1428 1981 natura,
1523 1925 1528 1936 ·

252 2025 338 2090 quae
367 2009 464 2091 quasi
499 2008 582 2074 deae
618 2009 801 2072 dominium
831 2007 900 2072 dici
930 2012 1053 2092 potest,
1092 2013 1127 2071 et
1161 2009 1362 2073 amoenitate
1395 2012 1428 2072 et

250 2116 425 2179 maiestate
460 2115 502 2179 ad
533 2116 675 2196 hymnos
703 2111 945 2200 componendos
978 2107 1139 2178 facillime
1166 2115 1361 2195 incitamur,
1390 2116 1429 2176 nt

249 2219 423 2304 religionis
449 2224 542 2285 vates
566 2220 693 2286 fiamus.
722 2213 811 2286 Item
836 2219 922 2306 apud
948 2219 1094 2285 Graecos
1118 2220 1286 2304 agricolae
1310 2217 1428 2284 diebus

250 2325 347 2392 iestis
379 2326 532 2408 Dianam,
563 2329 587 2393 i.
617 2345 645 2392 6.
676 2331 831 2392 naturam
861 2318 1144 2412 persenilicatam,
1180 2345 1243 2391 nec
1275 2337 1342 2390 non
1373 2343 1431 2409 pa-

251 2435 358 2498 stores
387 2432 589 2497 carminibus
614 2452 747 2518 semper
773 2431 1001 2517 celebrabant,
1029 2433 1118 2497 unde
1140 2434 1251 2516 poosIs
1277 2431 1426 2496 Graecae

251 2554 318 2602 non
342 2541 465 2623 exigua
488 2558 565 2625 pars
596 2541 759 2624 originem
782 2539 892 2621 duxit,
921 2539 1075 2604 bucolica
1096 2533 1251 2623 poesis'),
1282 2557 1368 2621 quae
1392 2541 1429 2602 in

252 2643 368 2709 Sicilia
398 2637 528 2711 Dianae
565 2647 601 2710 in
635 2646 854 2711 sollemnibus
887 2648 994 2730 primo
1029 2645 1257 2719 adhibebatur.
1316 2645 1428 2736 Etiam

251 2748 510 2816 Lacedaemonii
537 2750 666 2816 Dianae
693 2752 730 2815 in
759 2752 917 2815 honorem
945 2751 1127 2815 certamina
1153 2753 1282 2816 musica
1311 2750 1430 2815 diebus

252 2855 348 2920 iestis
373 2855 590 2922 celebrabant
605 2851 788 2940 Καλοβίὅιο
810 2856 867 2921 vel
882 2853 1284 2940 umrortsenomineq,
1307 2856 1429 2939 quibus

251 2964 380 3028 musica
408 2961 537 3030 Dianae
567 2971 685 3029 natura
719 2963 863 3030 indicari
898 2963 1040 3028 videtur.
1094 2963 1220 3028 Eadem
1251 2963 1294 3027 de
1327 2981 1426 3028 causa

253 3067 373 3133 Graeci
411 3069 570 3135 Dianam·
596 3069 787 3154 cogitabant
823 3071 1046 3153 nympharum
1084 3070 1200 3135 choros
1238 3067 1429 3152 ducentem,

253 3176 482 3255 qualem·iam
508 3175 677 3240 Homerus
704 3177 734 3258 (ζ
755 3177 819 3240 102
842 3171 928 3261 sqq.)
957 3174 1125 3240 describit.
1174 3173 1272 3240 Hanc
1297 3175 1426 3241 Dianae

251 3284 407 3343 nonnam
427 3283 608 3365 praecipue
636 3281 804 3364 significat
832 3298 1014 3364 cognomen
1036 3279 1252 3363 Hymniae,
1283 3281 1371 3364 qnod
1393 3285 1428 3346 et

251 3386 516 3458 vetustissimum
551 3389 586 3450 et
616 3386 884 3471 vulgatissimum
911 3389 982 3450 tota
1007 3384 1153 3451 Arcadia
1183 3383 1292 3466 61114).
1345 3386 1429 3452 (lum

251 3509 331 3554 vero
362 3484 505 3573 Dianae,
539 3507 623 3572 quae
657 3492 839 3573 antiquitus
872 3490 914 3555 ab
946 3482 1135 3556 Arcadibus
1167 3489 1351 3574 colebatur,
1385 3493 1427 3558 ad

251 3595 444 3680 Apollinem
466 3597 560 3660 nulla
582 3597 627 3661 sit
648 3597 777 3679 relatio,
799 3609 994 3681 perversum
1016 3599 1115 3681 plane
1131 3603 1183 3663 est
1199 3615 1243 3662 ex
1257 3597 1427 3681 Apollinis

251 3702 473 3767 similitudine
502 3701 588 3766 hanc
609 3699 737 3766 Dianae
764 3701 911 3767 indolem
939 3701 1124 3788 explicare,
1156 3703 1191 3768 id
1214 3702 1302 3786 quod
1324 3703 1425 3790 vulgo

251 3805 376 3870 factum
408 3811 468 3870 est.
519 3804 635 3888 Neque
663 3805 704 3871 ad
734 3806 921 3890 nuptialem
957 3805 1054 3872 deam
1086 3827 1269 3893 cognomen
1296 3807 1424 3874 referre

327 4034 348 4104 ¹)
366 4035 458 4092 Etiam
476 4033 610 4092 Dodonae
628 4036 813 4092 vaticinantes
829 4035 952 4092 feminae
969 4041 1059 4102 erant,
1078 4035 1168 4104 qualis
1185 4035 1302 4107 Delphis
1315 4033 1427 4106 Pythia,

251 4124 325 4179 unde
348 4124 390 4178 ihi
409 4139 519 4192 qnoque
538 4124 681 4180 oraculum
700 4125 769 4179 deae
787 4127 898 4180 nostrae
916 4124 999 4179 triers
1017 4124 1150 4194 colligere
1168 4142 1319 4195 possumus
1354 4125 1427 4181 Plat

251 4210 370 4268 Phaedr.
388 4229 418 4282 p.
435 4211 524 4266 2443,

326 4297 348 4367 ²)
366 4299 462 4355 Bucol.
481 4297 527 4354 Gr.
547 4300 590 4354 ed
609 4299 756 4365 Ahreus‚
774 4301 861 4372 praef.

327 4385 349 4453 ⁸)
369 4387 489 4456 Hesych.
508 4405 529 4443 s.
546 4405 573 4444 v.

324 4473 496 4542 41111111,
524 4477 553 4542 5,
582 4475 614 4532 11
643 4471 768 4544 σέβουσιν
791 4467 821 4527 ἐκ
845 4471 1030 4529 παλαιοτάτου
1057 4473 1104 4527 καὶ
1129 4472 1156 4527 ol
1180 4472 1280 4535 πάντες
1298 4469 1426 4543 'danubre

250 4553 368 4628 Ὑμνίαν
383 4555 516 4630 Ἀρτεμιν.
554 4563 624 4619 ibid.
643 4563 687 4630 13,
706 4564 731 4619 1.
