3367 5192
810 362 852 424 81

335 566 497 632 Similiter
525 567 695 633 Pheraeae
725 568 855 633 Dianae
883 570 1034 633 lunarem
1060 573 1213 634 naturam
1242 571 1327 635 falso
1356 574 1416 636 tui·

243 670 425 753 buerunt1).
470 673 521 736 Ha
544 675 633 736 enim
660 675 723 737 dea
751 675 787 737 in
816 675 1004 738 simulacris
1028 679 1062 738 et
1082 674 1244 739 Pheraeis
1269 679 1414 740 nummis

244 795 367 859 equum
389 781 623 842 manutenens
639 778 694 842 vel
712 797 750 843 eo
765 784 863 843 vecta
878 775 1053 861 fingitur2).
1083 779 1159 844 Hoc
1175 782 1242 845 iam
1257 782 1414 846 attributo

245 883 308 946 dea
338 885 461 966 optime
491 883 710 966 significatur,
739 886 833 947 cuius
856 886 893 947 in
915 884 1022 948 tutela
1044 889 1079 948 et
1103 886 1270 968 praesidio
1297 905 1416 970 greges

244 1007 403 1070 equorum
435 1007 508 1052 esse
536 987 687 1053 Thessali
715 989 913 1072 cogitabant.
958 988 1111 1054 Herbosa
1139 992 1229 1054 enim
1257 992 1415 1074 planities

242 1114 379 1178 magnos
418 1112 578 1176 equorum
615 1113 734 1177 greges
773 1095 884 1159 alebat
921 1094 1220 1176 Thessalorumque
1263 1114 1342 1180 opes
1380 1102 1414 1160 et

242 1199 380 1263 divitiae
402 1200 684 1263 nobilissimarum
702 1200 823 1264 ¹harum
847 1200 1038 1289 bestiarum
1052 1201 1148 1283 copia
1164 1205 1197 1264 et
1211 1203 1413 1283 praestantia

244 1304 446 1369 constabant.
497 1304 593 1368 Haec
626 1323 705 1368 varo
739 1303 931 1368 Thessalica
964 1305 1031 1368 dea
1061 1306 1160 1369 simul
1193 1308 1415 1388 perniciosam

242 1410 426 1493 praebebat
447 1414 607 1490 naturam,
631 1429 732 1490 quare
757 1413 791 1473 et
809 1409 959 1474 Hecatae
975 1414 1010 1473 et
1024 1409 1244 1493 Proserpinae
1266 1413 1415 1494 speciem

243 1533 323 1598 prae
347 1534 382 1578 se
406 1515 550 1579 ferebat:
574 1516 729 1597 primitus
754 1517 866 1578 autem
888 1515 981 1578 nulla
1004 1516 1071 1578 alia
1093 1517 1160 1578 nisi
1174 1517 1337 1579 naturalis
1353 1516 1415 1581 dea

244 1638 318 1684 esse
340 1624 460 1703 potest,
484 1621 577 1684 euius
600 1622 669 1682 vim
692 1619 734 1682 ad
758 1637 918 1701 equorum
941 1639 1054 1683 curam
1068 1622 1251 1703 pertineat.
1289 1621 1415 1684 Eadem

243 1725 306 1790 dea
328 1724 457 1789 Phenei
479 1728 515 1789 in
537 1725 683 1789 Arcadia
704 1724 910 1807 Heurippa
938 1727 1133 1808 cognomine
1157 1721 1358 1807 colebatur⁸l
1382 1733 1416 1789 et

244 1829 385 1911 Sicyone
400 1830 571 1895 Pheraeae
586 1830 714 1894 Dianae
738 1832 834 1893 iuxta
857 1831 1065 1912 gymnasium
1081 1832 1243 1914 templum
1258 1835 1292 1894 et
1308 1835 1417 1894 statua

244 1933 356 2018 erat4).
413 1935 592 2000 Praeterea
631 1939 805 2019 poetarum
840 1936 990 2018 epitheta
1024 1936 1110 2000 hauc
1144 1937 1227 2026 deae
1260 1935 1416 2016 indolem,

243 2061 363 2125 nempe
388 2061 547 2122 equorum
571 2059 684 2105 curam
707 2046 740 2105 et
756 2041 924 2123 domitum,
948 2041 1106 2122 indicant,
1128 2041 1222 2105 velut
1236 2034 1416 2121 tcuoedab,

245 2141 397 2210 δέσποινα
418 2147 486 2208 τοῖν
506 2145 699 2227 γυμνασίων
720 2144 787 2209 τῶν
810 2139 1057 2228 ἱπποκρότωνθ).
1104 2145 1259 2209 Ceterum
1292 2145 1418 2228 Hippo-

245 2253 344 2334 lytus,
369 2253 426 2332 qui
440 2250 568 2314 Dianae
592 2252 719 2314 amicus
742 2250 847 2314 fuisse
869 2245 1050 2330 traditurb,
1072 2251 1207 2313 nomine
1229 2251 1298 2312 iam
1320 2267 1357 2313 se
1380 2251 1417 2312 in

245 2359 340 2439 equis
365 2376 478 2420 curam
499 2358 650 2439 posuisse
674 2355 814 2419 indicat:
850 2355 906 2417 vel
930 2355 1022 2418 cultu
1046 2359 1080 2417 et
1103 2355 1216 2418 divino
1239 2355 1363 2418 honore
1385 2356 1416 2418 is

245 2462 465 2541 afficiebatur,
494 2479 570 2526 cum
591 2460 727 2544 puellae
749 2463 913 2542 nupturae
937 2461 970 2522 ei
993 2460 1104 2522 crines
1126 2453 1357 2538 dedicareut8),
1381 2459 1414 2521 id

246 2567 332 2649 quod
353 2566 431 2631 Deli
452 2568 549 2651 pueri
571 2571 606 2630 et
626 2567 760 2650 puellae
788 2567 825 2629 in
852 2566 1011 2628 honorem
1033 2564 1325 2648 Hyperborearum
1351 2565 1418 2626 rir-

245 2674 360 2755 ginum
382 2667 592 2755 faciebamt).
637 2670 713 2735 Hac
736 2671 938 2734 caerimonia
958 2671 1097 2732 numina
1117 2670 1303 2752 placabant,
1332 2687 1417 2750 quae

243 2779 356 2861 pueris
378 2777 583 2861 praesidium
608 2777 815 2856 salutemque
831 2780 1002 2859 praestare
1017 2774 1227 2857 putabantur,
1251 2775 1416 2856 simulque

245 2883 392 2963 orabant,
415 2886 453 2944 ut
476 2881 541 2946 sibi
561 2883 714 2964 nupturis
736 2881 881 2962 propitia
904 2884 1023 2943 essent.
1068 2878 1119 2942 De
1137 2880 1289 2943 castitate
1305 2882 1417 2942 autem

245 2988 371 3052 eximia
386 2986 562 3071 Hippolyti
585 2985 699 3050 fabula
720 2989 793 3048 tum
809 2985 959 3067 ,primum
982 2989 1054 3049 orta
1075 2985 1160 3047 mihi
1174 2969 1308 3047 videtur
1331 3001 1415 3065 esse,

247 3111 321 3156 cum
343 3094 410 3156 iam
432 3091 561 3156 Dianae
584 3092 725 3174 virginis
747 3090 863 3154 laudea
886 3091 1040 3172 vulgatae
1064 3093 1185 3153 essent.

336 3233 448 3297 Etiam
482 3234 573 3315 capri
601 3231 728 3295 Dianae
761 3232 847 3295 sacri
876 3233 980 3310 erant,
1015 3231 1108 3294 ouius
1141 3231 1193 3294 rei
1225 3228 1418 3293 testimonia

246 3337 447 3404 Welolrerus
472 3339 664 3422 composuit,
690 3356 788 3419 quem
805 3335 956 3401 conferre
978 3335 1059 3399 licet
1082 3333 1263 3416 (1111111,
1285 3354 1317 3416 p.
1333 3334 1419 3414 591).

322 3597 343 3665 ¹)
361 3599 510 3662 Praller‚
528 3598 547 3653 l.
566 3597 595 3663 1.,
613 3599 681 3652 tom.
700 3596 721 3662 Ι,
741 3614 769 3666 p.
788 3595 850 3652 257.

322 3683 343 3752 ¹)
362 3686 397 3741 cf.
416 3685 588 3755 Stephani
607 3684 847 3754 compte-tend.
868 3685 936 3739 1860
955 3683 1012 3739 tab.
1031 3681 1057 3750 2,
1076 3681 1111 3746 Π,
1129 3699 1157 3749 p.
1175 3680 1220 3735 46.

322 3771 344 3839 ⁸)
363 3773 394 3830 r.
412 3773 488 3840 rur,
509 3773 551 3836 14,
570 3774 595 3826 5.

320 3858 344 3927 ⁴)
362 3861 394 3915 P.
412 3860 447 3927 H,
467 3862 510 3924 10,
528 3862 553 3916 6.

321 3946 344 4013 ὅ)
362 3949 442 4004 Pind.
462 3948 506 4004 01.
524 3948 573 4016 11Ι,
591 3948 634 4002 47.
1433 3987 1438 3992 .

321 4033 343 4104 ⁸)
361 4037 425 4092 Eur.
436 4035 523 4105 Hipp.
540 4055 567 4092 r.
580 4035 633 4089 228
645 4051 719 4102 sqq.:
737 4025 856 4087 δέσποιν’
869 4025 1064 4098 &tacueram
1081 4031 1187 4094 Λίμνος
1203 4025 1251 4081 καὶ
1265 4027 1420 4095 γυμνασίων

247 4124 303 4178 τῶν
320 4121 502 4192 ἱπποκράτουν,
527 4120 585 4176 εἴθε
601 4120 728 4190 γενοίμαν
745 4113 774 4172 ἐν
791 4121 849 4180 ocio
866 4114 1006 4179 δαπέδοις,
1027 4114 1135 4177 πώλους
1149 4110 1261 4176 ’Eritne
1277 4111 1421 4179 δαμολιζο·

248 4207 316 4278 aaa
334 4209 488 4278 (Phaedrae
506 4206 611 4275 rerba).

323 4296 344 4366 ⁷)
363 4298 490 4367 Xenoph.
510 4296 578 4366 Cyn.
596 4296 618 4363 I,
638 4295 681 4351 ll.

322 4385 344 4455 ⁸)
362 4387 426 4442 Eur.
443 4385 529 4455 Hipp.
547 4403 573 4440 r.
592 4383 661 4439 1425
679 4401 720 4452 sq.

323 4471 345 4544 ⁹)
364 4475 467 4530 Herod.
484 4472 533 4541 IV,
552 4472 595 4526 34.
