3367 5192
714 369 898 462 „.„„1„1-.„
919 458 927 462 .

253 565 427 637 excelsam’
453 576 549 640 deam
572 579 737 641 nominari
761 584 908 662 apparet,
938 581 1031 644 euius
1053 581 1104 642 rei
1127 599 1249 643 nevum
1273 600 1318 644 ex
1340 583 1407 644 alia

232 685 327 762 parte
350 683 493 763 petitum
518 683 639 748 addere
662 704 796 767 possum
821 690 1060 769 argumentum.

324 785 482 852 Semitiea
512 789 702 854 Artemidos
730 795 839 856 versio
869 794 1101 874 antiquissima
1137 793 1260 856 tradita
1289 797 1340 856 est
1370 795 1407 856 in

234 892 293 956 ille
322 896 496 959 notissimo
520 894 807 962 Semiramidis
837 900 980 962 nemine.
1026 898 1198 982 Significat
1226 900 1316 962 enim
1338 897 1407 962 Mo-
1503 983 1506 988 Ι

234 1001 344 1062 versio
369 1005 502 1065 auctore
526 1002 579 1083 (de
600 1003 723 1068 Phean.
740 1003 766 1084 I,
789 1025 821 1087 p.
838 1003 918 1087 634)
942 1004 1102 1079 1111)·1111
1120 995 1326 1069 ‘altitudinis'
1351 1005 1404 1068 vel

239 1097 434 1170 ‘maiestatis
466 1102 693 1190 1611611011
727 1109 886 1175 Semitice
917 1113 998 1176 item
1025 1112 1116 1192 qued
1143 1102 1295 1192 ‘nomen’,
1330 1119 1405 1181 ΠΜ

238 1203 364 1294 ‘altum,
388 1208 561 1297 sublime’),
586 1219 680 1280 euius
703 1219 859 1281 vocabuli
882 1220 918 1281 in
935 1219 1193 1282 conformatione
1208 1220 1319 1282 versio
1334 1218 1407 1301 ipsa

236 1319 377 1384 indicari
400 1322 538 1386 videtur.
572 1322 728 1414 Ι86111116
751 1327 854 1407 igitur
877 1325 982 1407 deam,
1006 1344 1105 1407 quam
1128 1325 1169 1388 ab
1193 1325 1305 1388 Aricis
1328 1343 1407 1406 gen·

235 1425 325 1489 libus
350 1428 473 1492 cultam
496 1429 668 1512 videbant,
700 1449 760 1494 sua
783 1431 926 1504 dialecto
950 1430 1150 1495 Samiramin
1173 1435 1328 1494 accurata
1350 1450 1407 1494 no·

235 1534 335 1596 minis
359 1537 512 1599 versione
536 1536 625 1600 iacta
647 1538 884 1622 nuncupabant
913 1556 1052 1620 eamque
1078 1538 1240 1621 paulatim
1270 1556 1407 1601 censue·

236 1638 373 1703 scebant
395 1646 512 1723 putare
535 1645 685 1726 reginam
709 1647 996 1728 opulentissimam
1020 1645 1184 1726 quondam
1206 1645 1320 1708 fuisse.

325 1745 379 1810 Sic
403 1751 568 1830 utrimque
594 1755 627 1814 et
644 1769 687 1814 ex
702 1750 985 1834 indegermanicis
1009 1757 1042 1816 61
1065 1751 1267 1816 eSemitieis
1282 1752 1406 1834 linguis

236 1859 430 1934 argumenta
446 1857 654 1940 contulimus,
675 1861 827 1940 utquam
844 1861 1019 1923 statuimus
1032 1858 1222 1922 Artemidos
1238 1859 1407 1921 notionem

234 1961 381 2042 undique
405 1962 622 2027 firmaremus.
669 1963 732 2028 Sed
762 1967 919 2048 cegitatio
956 1985 1086 2048 queque
1110 1968 1183 2048 ipso
1205 1966 1407 2048 persuadere

233 2066 330 2130 nobis
363 2072 472 2151 potest
506 2089 566 2152 per
598 2090 634 2134 se
668 2073 877 2155 aptissimum
911 2092 985 2136 esse
1011 2071 1138 2136 Dianae
1166 2072 1251 2137 illud
1278 2091 1407 2136 noman.

235 2171 382 2238 Deorum
407 2177 496 2239 enim
519 2179 747 2243 usitatissimis
771 2178 1050 2263 appellationibus
1069 2179 1268 2263 plerumque
1284 2179 1320 2240 in
1334 2179 1409 2240 uni·

237 2298 370 2343 versum
398 2284 571 2347 numinum
599 2289 734 2349 naturas
758 2286 942 2368 significari
970 2290 1098 2350 constat
1120 2286 1216 2350 velut
1239 2281 1408 2344 Ποσειδῶν

238 2387 324 2450 nihil
354 2389 444 2452 aliud
473 2392 540 2454 nisi
564 2383 738 2456 ‘dominus’
763 2393 868 2474 audit,
899 2411 975 2455 cum
999 2412 1019 2455 a
1040 2392 1108 2454 rad.
1128 2396 1187 2474 pat
1208 2392 1228 2452 i.
1253 2409 1280 2452 6.
1304 2388 1408 2451 domi·

241 2494 313 2555 nari
346 2495 430 2558 illud
465 2497 667 2562 descendere
702 2500 985 2562 verisimillimum
1024 2503 1081 2562 est.
1139 2496 1236 2562 Certe
1271 2496 1409 2559 deorum

236 2602 466 2684 proprietates,
491 2623 575 2685 quae
595 2607 631 2667 in
648 2605 789 2668 decursu
804 2610 991 2688 temporum
1006 2605 1071 2668 diis
1086 2604 1248 2687 paulatim
1266 2623 1285 2665 a
1299 2602 1408 2686 poetis

237 2705 422 2789 adseriptae
440 2714 524 2791 sunt,
547 2711 718 2776 neminum
734 2713 1039 2793 antiquissimorum
1055 2710 1314 2794 significationes
1331 2725 1407 2772 eon·

235 2815 343 2877 tinore
376 2834 442 2878 non
477 2821 622 2898 possunt.
675 2809 884 2882 ‘Sublimem'
918 2822 1030 2882 autem
1065 2818 1119 2881 vel
1154 2806 1343 2879 ‘excelsam’
1379 2815 1409 2876 si

234 2921 451 2985 nominabant
489 2922 631 2988 Dianam
670 2927 705 2987 in
741 2927 935 2990 universum
969 2925 1117 2988 divinam
1154 2942 1193 2986 ae
1228 2923 1407 2986 coelestem

237 3026 400 3108 quandam
423 3035 576 3094 natrmam
599 3033 657 3096 ille
681 3033 815 3096 nemine
845 3031 1092 3115 significabant,
1124 3049 1208 3111 quae
1233 3029 1349 3094 eadem
1372 3029 1409 3091 in

238 3123 366 3199 ‘Diana’
390 3137 487 3200 inest.

329 3241 533 3325 Quamquam
556 3244 727 3308 Persicam
755 3246 904 3327 linguam
932 3246 968 3307 in
994 3244 1185 3308 Artemidos
1214 3262 1411 3308 161611611-

237 3351 426 3433 plicandam
455 3352 678 3435 adhibuimus,
697 3356 818 3415 tamen
840 3352 1013 3416 Persicam
1045 3370 1119 3415 eam
1143 3370 1217 3415 esse
1240 3369 1409 3433 regemne,

238 3448 553 3523 cum‘Anahitam’
589 3459 685 3522 deam
719 3462 867 3522 nostram
902 3478 922 3522 a
954 3458 1067 3523 Persis
1102 3458 1303 3542 appellatam
1336 3476 1410 3522 esse

237 3565 388 3628 sciamus.
435 3563 500 3628 Sed
529 3565 705 3629 tribuerim
732 3565 877 3628 nominis
906 3566 1069 3648 originem
1105 3565 1176 3628 illis
1211 3563 1410 3645 nationibus,

238 3689 322 3750 quae
347 3691 390 3734 ex
412 3669 591 3740 Bactriana
611 3670 927 3754 Indogermanorum
950 3672 1091 3755 pristina
1114 3672 1193 3736 sede
1216 3688 1411 3754 progressae
1463 3690 1465 3694 ’

237 3794 342 3858 usque
377 3778 419 3842 ad
453 3781 554 3842 maris
582 3780 712 3863 Aegaei
747 3797 820 3843 oras
850 3759 1057 3842 habitabanti
1093 3797 1113 3840 a
1141 3777 1260 3859 quibus
1291 3775 1410 3856 Graeci

238 3882 320 3946 deae
342 3903 464 3948 nomen
487 3891 692 3968 exceperunt
721 3885 781 3950 illo
812 3885 953 3975 fortasse
977 3889 1135 3968 tempore,
1164 3903 1240 3947 cum
1266 3882 1412 3945 nondum

239 3988 274 4051 11
312 3989 478 4074 Europam
516 3994 715 4076 transgressi
752 3994 848 4055 iuxta
885 3993 1019 4056 illorum
1057 3990 1153 4055 sedes
1190 3988 1411 4053 morabantur.

240 4095 304 4160 Sed
337 4098 422 4161 illud
457 4095 587 4180 quoque
621 4117 753 4180 nomen,
789 4117 853 4180 quo
888 4104 986 4162 antea
1020 4099 1118 4161 deam
1152 4096 1409 4180 appellaverant,

238 4202 379 4267 Dianam
401 4205 456 4268 vel
480 4199 621 4286 Διώνην,
646 4207 711 4270 etsi
732 4207 844 4269 minus
866 4206 1014 4290 vulgare,
1044 4205 1164 4269 Graeci
1186 4203 1411 4267 reservabant.

238 4309 355 4392 Itaque
384 4315 475 4374 reete
504 4309 657 4376 Stuhrius
690 4310 903 4394 (Gesehiehte
938 4310 997 4375 der
1024 4308 1327 4395 Religionsformen
1354 4309 1413 4372 der

240 4418 460 4482 heidnischeu
487 4419 613 4482 Vblker
635 4417 679 4501 11,
712 4440 742 4503 p.
774 4418 862 4500 226),
898 4418 984 4500 qued
1018 4417 1060 4483 de
1094 4418 1283 4482 nominibus
1318 4415 1412 4478 dicit:

241 4525 295 4588 die
322 4527 483 4605 Artemis,
520 4525 573 4590 die
602 4527 638 4588 in
665 4524 748 4589 Rom
777 4525 825 4590 als
856 4524 965 4590 Diana
992 4527 1089 4588 ihren
1119 4526 1209 4588 alten
1235 4531 1414 4606 ursprdng-
