3367 5192
800 337 841 398 33

238 537 444 626 ἐϋστέφανος,
466 540 667 628 χρυσήνιος),
699 547 755 610 hie
784 563 865 610 vero
896 550 1011 609 sancta
1033 546 1088 610 vel
1110 547 1219 630 virgo,
1250 546 1410 627 mitiaque

236 652 306 714 tela
330 653 363 714 ei
385 651 584 716 tribuuntur.
626 650 818 715 Sententiae
834 653 938 734 lgItur
954 651 995 714 de
1011 651 1074 714 dea
1088 655 1201 714 nostra
1216 650 1276 714 illa
1290 655 1411 732 aetate,

238 775 327 837 quae
346 758 436 820 inter
457 755 575 820 Iliadis
599 761 634 820 et
649 755 818 838 Odysseae
843 759 1004 840 originem
1027 758 1196 838 intererat,
1219 756 1317 820 valde
1340 776 1410 820 mu·

240 865 331 927 tatae
356 865 389 925 et
404 863 577 946 mitigatae
594 861 726 944 quidem
743 867 828 946 sunt,
853 881 1052 945 quamquam
1071 862 1182 926 officia
1197 862 1280 925 deae
1296 845 1412 926 eadem

237 973 438 1032 manserunt.
483 967 523 1032 In
553 972 693 1050 utroque
717 970 807 1032 enim
830 970 977 1032 carmine
1007 974 1042 1032 et
1072 969 1255 1032 bestiarum
1285 967 1412 1030 fautrix

237 1078 272 1136 et
295 1075 419 1156 optima
442 1076 597 1138 venatrix
621 1080 681 1154 est,
706 1074 786 1136 of.E
808 1076 848 1136 51
867 1093 914 1154 aq.
933 1073 964 1133 Φ
979 1072 1086 1156 4701),
1109 1075 1174 1136 485
1190 1091 1239 1154 sq.
1258 1108 1298 1118 -
1315 1075 1331 1149 ζ
1347 1074 1410 1137 104

237 1171 429 1260 (τερπομένη
452 1173 603 1258 κάπροισι
624 1175 679 1241 καὶ
701 1177 820 1260 οἰκείης
840 1175 1028 1261 ἐλάφοισιν),
1051 1178 1173 1242 deinde
1196 1183 1231 1242 et
1252 1179 1289 1240 in
1302 1177 1409 1244 Iliade

238 1286 271 1344 et
293 1283 328 1343 in
344 1279 493 1362 Odyssea
515 1285 691 1367 repentino
714 1290 819 1348 morte
842 1286 984 1349 necandi
999 1289 1146 1368 potestas
1161 1282 1289 1347 Dianae
1303 1285 1407 1349 tribu·

235 1389 318 1450 itur:
348 1389 375 1448 Z
405 1390 470 1452 205
499 1382 571 1469 (τήν
598 1381 632 1448 δὲ
660 1388 716 1470 (sc.
745 1388 979 1470 Laodameam)
1006 1382 1212 1470 χολωσαμένη
1238 1383 1411 1470 χρυσήνιος

166 1475 196 1536 -’
235 1487 382 1571 Ἄρτεμις
397 1488 485 1573 ἔκτα)
508 1495 570 1555 428
594 1487 728 1572 (πατρὸς
742 1489 811 1558 dev
833 1491 998 1577 μεγάροισι
1012 1489 1079 1575 βάλ’
1094 1489 1243 1576 Ἄρτεμις
1258 1488 1410 1574 ἰοχέαιρα)

239 1596 271 1658 Φ
294 1599 361 1660 484
389 1593 457 1668 (καί
486 1591 585 1660 ἔδακε
614 1599 670 1678 (sc.
704 1597 842 1682 Iupiter)
878 1595 1078 1680 κατακτάμεν
1104 1591 1147 1678 ήν
1173 1591 1200 1658 κ’
1229 1591 1409 1682 έθέλησθα).

236 1701 270 1762 e
293 1703 356 1766 606
381 1697 450 1785 (τὰς
476 1697 504 1765 d
533 1704 589 1786 (sc.
612 1704 739 1768 Niobae
762 1697 1031 1784 1111οε)”Αρτεμις
1053 1697 1194 1784 ἰοχέαιρα
1220 1722 1266 1767 sc.
1287 1695 1411 1780 πέφνεν

7 1845 11 1886 ,-
114 1799 116 1802 ’
237 1799 288 1871 ἀπ’
317 1801 489 1890 ἀργυρέοιο
519 1807 617 1891 βίοιο)
642 1843 684 1854 -·-
713 1829 736 1886 e,
763 1810 825 1872 123
850 1829 897 1891 sq.
927 1802 1000 1892 (ἕως
1022 1829 1078 1888 μιν
1101 1810 1158 1889 (sc.
1183 1805 1352 1887 Orionem)
1374 1801 1412 1867 έν

232 1905 387 1995 Ὀρτυγίῃ
420 1909 647 1992 χρυσόθρονος
673 1908 821 1995 ’Ἄρτεμις
856 1907 939 1996 ἁγνή
970 1912 973 1982 Ι
1004 1905 1053 1987 οἷς
1087 1908 1221 1995 ἀγανοῖς
1254 1906 1414 1994 βελέεσσιν

235 2009 423 2099 ἐποιχομένη
446 2012 663 2101 κατέπεφνεν),
686 2020 706 2080 λ
730 2020 801 2100 173,
827 2021 902 2098 199,
924 2019 988 2082 325
1003 2019 1063 2082 ubi
1078 2017 1169 2081 idem
1193 2019 1279 2082 alter
1292 2035 1409 2081 versus

234 2126 413 2203 repetitur,
442 2145 461 2186 o
488 2125 552 2187 411
583 2125 718 2204 iterum,
751 2127 832 2188 478ε
861 2117 936 2207 (τήν
964 2119 1024 2205 μέν
1053 2119 1159 2187 ἔπειτα
1181 2126 1320 2202 γυναῖκα
1341 2111 1408 2201 βάλ’

232 2222 381 2308 ’Ἄρτεμις
403 2222 555 2308 ἰοχέαιρα)
583 2241 603 2291 σ
626 2221 687 2293 202
711 2227 799 2308 (uida
826 2250 883 2310 μοι
903 2224 950 2303 ὣς
975 2222 1121 2311 μαλακὸν
1147 2223 1293 2290 θάνατον
1314 2221 1410 2306 πόροι

233 2325 378 2413 ’Ἄρτεμις
410 2324 492 2412 ἁγνὴ
529 2329 532 2399 l
570 2327 686 2394 αὐτίκα
716 2333 792 2414 νῦν)
830 2355 853 2396 ν
876 2333 918 2394 62
950 2351 997 2413 sq.
1031 2324 1171 2413 Ἄρτεμι,
1204 2324 1309 2393 πότνα
1338 2321 1409 2408 θεὰ,

233 2430 376 2516 θύγατερ
397 2430 486 2512 Διὸς,
511 2434 583 2498 olda
606 2457 663 2516 μοι
684 2431 747 2517 ήδη
766 2434 768 2504 l
787 2431 840 2499 ἰόν
862 2432 910 2498 ee
931 2429 1083 2516 στήθεσσι
1104 2428 1235 2514 βαλοῦο)
1251 2429 1285 2495 έα
1299 2427 1411 2513 θυμὸν

234 2533 321 2601 teron
346 2539 348 2608 i
375 2535 491 2604 αὐτίκα
513 2539 587 2618 νῦν)
617 2541 696 2604 ibid.
718 2542 760 2604 80
784 2535 832 2622 (ήέ
855 2533 885 2621 μ’
910 2535 1111 2620 ἐϋπλόκαμος
1133 2533 1226 2619 βάλοι
1238 2530 1410 2617 Ἄρτεμις).

235 2645 300 2709 Sed
323 2646 503 2710 discrimen
526 2646 703 2710 verborum
730 2665 815 2727 quae
843 2647 878 2708 in
902 2643 1007 2708 Iliade
1035 2649 1069 2707 ot
1092 2662 1178 2724 quae
1200 2643 1237 2705 in
1259 2639 1410 2722 Odyssea
1449 2692 1454 2700 .

234 2753 276 2816 de
306 2753 423 2816 eodem
452 2751 561 2816 officio
590 2756 806 2835 usurpantur,
836 2770 936 2834 supra
963 2751 1030 2814 iam
1056 2752 1207 2812 notatum
1237 2752 1301 2811 eat:
1334 2747 1411 2811 illle

234 2877 322 2922 mors
337 2856 467 2922 Dianae
490 2859 621 2940 sagittis
645 2857 832 2922 hominibus
855 2858 1006 2920 immissa
1028 2874 1138 2938 poena
1158 2854 1321 2935 quaedam
1341 2854 1410 2915 ira·

235 2966 357 3028 scentia
381 2965 463 3028 deae
487 2964 619 3055 ridetur
643 2983 725 3045 esse,
743 2965 798 3026 hic
820 2981 899 3026 voro
924 2963 1019 3044 quasi
1042 2961 1168 3024 doloris
1188 2960 1408 3024 lenimentum

233 3072 442 3154 repentinam
465 3071 558 3134 illam
582 3076 721 3134 mortem
744 3069 891 3132 feminae
913 3068 969 3130 vei
993 3071 1163 3149 appetunt
1200 3065 1258 3128 Illi
1278 3082 1410 3146 quoquc
1495 3124 1497 3127 .

233 3177 465 3259 formidolosae
481 3177 563 3240 deae
579 3179 702 3260 optime
720 3175 917 3238 attributum
931 3167 1245 3252 convenitdoya'oroa
1256 3161 1408 3253 ‘sagittas

233 3275 393 3362 lundene,
425 3282 512 3363 quod
542 3283 578 3345 in
605 3281 711 3346 Iliade
735 3283 839 3344 octies
870 3280 909 3361 (Ε
934 3279 990 3361 53,
1019 3281 1100 3358 447,
1132 3277 1252 3358 1538,
1284 3276 1408 3356 Ζ428,

237 3391 266 3450 I‘
285 3390 337 3469 39,
363 3391 414 3467 71,
440 3391 472 3450 Φ
493 3383 600 3469 4801),
625 3389 660 3450 tl
681 3385 759 3468 478)
786 3389 822 3449 in
846 3383 994 3465 Odyssea
1021 3387 1152 3447 tantum
1176 3384 1293 3462 quater
1316 3384 1409 3444 extat

233 3475 365 3576 (1102)
395 3496 514 3576 1172,
550 3496 626 3574 198,
658 3489 808 3574 04781).
864 3491 1044 3554 Commune
1075 3507 1204 3570 quoque
1234 3488 1408 3566 utrimque

217 3600 388 3678 ¹carminis
413 3600 582 3682 epitheton
603 3595 828 3680 χρυσόθρονος
844 3604 896 3660 est
918 3597 956 3677 (I
969 3597 1047 3678 533,
1071 3615 1085 3658 ε
1103 3591 1218 3676 123)4).
1256 3593 1407 3674 Denique

232 3705 268 3766 in
282 3704 410 3768 Dianae
432 3706 629 3787 genealogia
653 3705 716 3768 duo
733 3723 794 3787 epe
813 3703 1038 3766 consentiunt:
1062 3699 1152 3763 Iovis
1168 3698 1272 3762 filiam
1288 3687 1406 3778 habes:
1493 3786 1496 3791 Ι

232 3810 256 3870 I
273 3810 338 3872 536
357 3803 437 3882 Διὸς
458 3805 562 3891 κούρη
585 3806 744 3894 μεγάλοιο,
768 3811 845 3890 (538
868 3809 940 3872 δῖον
961 3803 1076 3890 γένος),
1104 3806 1135 3866 Φ
1151 3804 1216 3867 506
1241 3802 1311 3876 etl
1328 3805 1401 3884 151,

231 4002 442 4010 m.—

306 4125 326 4193 1)
346 4123 445 4180 πότνια
463 4129 567 4196 θηρῶν.
604 4125 638 4180 cf.
656 4143 682 4180 ν.
701 4125 747 4180 61:
766 4122 856 4178 πότνα
872 4119 934 4178 θεά.
1216 4194 1218 4197 ¹

306 4213 326 4282 2)
347 4216 407 4271 Ηοο
432 4217 543 4283 quidem
568 4217 630 4272 loco
658 4215 717 4269 sine
743 4213 857 4270 nomine
881 4203 1002 4282 proprio·
1046 4211 1080 4266 ei.
1107 4212 1121 4262 λ
1147 4209 1205 4264 198.
1253 4210 1288 4265 el.
1318 4210 1398 4266 Pind.
1481 4292 1485 4301 ι

230 4307 311 4378 Pyth.
331 4308 356 4370 2,
374 4305 399 4360 9.
436 4305 464 4360 O.
485 4305 504 4360 1.
524 4303 555 4360 G.
575 4303 683 4371 628οΒ,
704 4301 772 4357 1064
790 4299 932 4368 εἰοχέαιρα.

304 4392 324 4464 ³)
345 4395 378 4450 ef.
395 4395 482 4450 Φ483
495 4390 637 4463 τοξοφόρῳ
652 4408 701 4460 περ
715 4387 804 4457 ἐοόσῃ.
836 4388 1039 4445 c.1.e.1051.
1071 4387 1211 4456 Aristoph.
1225 4387 1332 4442 Theam.
1346 4385 1401 4443 970

295 4482 324 4543 ‘⁴l
345 4477 490 4550 Εόθρννος
509 4483 537 4538 O.
556 4483 576 4538 1.
597 4481 629 4536 G.
650 4479 756 4535 62803.

1172 4582 1189 4635 3
