3367 5192
241 590 404 672 religione
429 588 566 651 similes
610 585 680 650 Nec
704 592 816 650 tamen
840 588 930 650 omni
953 590 1102 668 tempere
1122 587 1209 648 inter
1224 603 1261 648 se
1275 589 1414 667 pacatae

243 700 346 775 erant,
378 695 412 758 id
436 694 523 776 quod
545 693 671 757 bellum
696 693 884 773 Troianum,
913 693 998 775 qued
1021 710 1127 774 usque
1152 692 1193 754 ad
1216 693 1415 755 internecio-

241 821 319 867 nem
341 803 440 865 unius
463 801 597 864 illarum
620 802 769 884 gentium
792 805 923 884 gestum
947 804 1006 881 est,
1030 800 1111 862 satis
1135 798 1346 862 demonstrat.

331 943 402 1007 lam
426 963 505 1007 vore
529 963 605 1006 eum
629 943 669 1007 ad
693 944 785 1006 illius
808 944 953 1006 nationis
977 942 1146 1004 historiam
1171 945 1263 1004 reate
1283 941 1416 1004 intelle·

242 1051 383 1133 gandam
418 1051 498 1114 seiri
531 1069 670 1114 neeesse
706 1051 758 1130 sit,
795 1069 880 1132 quae
912 1049 1057 1112 confines
1092 1049 1245 1111 nationes
1279 1049 1413 1127 fuerint,

243 1156 440 1238 quibuscum
470 1159 704 1221 commercium
732 1158 895 1220 orientem
924 1174 1041 1218 versus
1063 1155 1205 1238 profecti
1228 1154 1413 1237 habuerint,

243 1263 284 1327 de
314 1265 367 1326 his
397 1273 526 1345 que‘que
553 1262 653 1328 rebus
677 1264 838 1346 quaedam
866 1264 1080 1346 praemittere
1110 1262 1234 1325 liceat:
1263 1260 1413 1324 Primum

244 1371 337 1435 illam
352 1373 524 1451 rationem,
541 1391 605 1453 qua
621 1372 799 1435 orientales
816 1375 850 1434 et
862 1370 1085 1434 occidentales
1097 1367 1413 1452 Indogermanorum

242 1483 359 1561 gentes
375 1478 583 1560 dirimuntur,
605 1478 691 1540 haud
706 1477 909 1561 probandam
925 1495 998 1540 esse
1014 1475 1098 1539 duee
1112 1474 1182 1539 leh.
1194 1473 1414 1539 Schmidtium

243 1585 310 1666 (die
333 1586 862 1650 Verwandtschaftsverhtiltnisse
889 1585 948 1648 der
971 1583 1079 1668 indog.
1103 1581 1281 1665 Spraehen,
1307 1582 1412 1664 1872.)

243 1697 387 1775 secutus,
412 1694 505 1757 cuius
534 1695 679 1756 rationes
709 1693 816 1756 adhue
842 1712 908 1755 non
934 1691 1126 1755 debilitatae
1148 1695 1232 1754 sunt.
1278 1690 1413 1754 Ernesti

245 1799 351 1863 Curtii
367 1800 408 1863 de
420 1799 558 1865 Ionibus
575 1801 749 1864 notissima
767 1801 879 1883 opinio
898 1799 964 1880 (die
976 1796 1076 1861 Iener
1092 1817 1151 1861 ver
1167 1798 1227 1860 der
1242 1799 1415 1861 ionisehen

244 1903 467 1990 Wanderamg,
486 1906 593 1988 1855),
609 1909 667 1989 qui
682 1906 799 1972 Ionum
814 1911 953 1990 partem,
970 1925 1045 1969 cum
1061 1905 1181 1968 Graeci
1197 1906 1233 1967 in
1248 1905 1414 1988 Europam

242 2015 432 2096 traicerent,
455 2016 492 2078 in
512 2015 595 2080 Asia
618 2031 703 2096 quae
727 2014 850 2077 dicitur
872 2014 1000 2076 minore
1022 1997 1223 2076 remansisse
1240 2013 1414 2090 coniectat,

243 2139 286 2184 ex
317 2121 432 2184 eadem
461 2121 659 2204 cogitatione
687 2125 766 2184 nata
796 2120 936 2183 videtur.
982 2117 1099 2202 Neque
1130 2120 1235 2184 selum
1259 2117 1415 2200 indeger-

242 2245 360 2290 manae
388 2231 505 2311 gentes
538 2229 626 2291 inter
654 2246 690 2292 se
719 2225 951 2306 cohaerebant,
985 2227 1044 2290 sed
1072 2228 1131 2291 ille
1161 2228 1228 2290 iam
1255 2231 1413 2310 tempore,

243 2352 318 2396 cum
347 2334 452 2415 sedes,
482 2353 565 2417 quae
596 2337 631 2396 in
661 2333 839 2398 Bactriana
870 2338 959 2396 terra
987 2333 1091 2397 fuisse
1120 2338 1287 2416 putantur,
1318 2333 1414 2397 medo

242 2441 466 2522 reliquissent,
505 2443 606 2504 etiam
640 2441 838 2504 Semitarum
872 2441 1079 2521 aliarumque
1117 2441 1289 2503 nationum
1322 2440 1415 2502 velut

242 2545 586 2629 Preteehaldaeorum,
618 2549 675 2628 qui
703 2548 836 2630 proprio
868 2547 1001 2609 nemine
1029 2545 1180 2611 Accedes
1212 2544 1414 2627 Sumiriique

242 2655 455 2716 nominantur
467 2651 506 2735 ¹),
540 2656 575 2716 in
609 2652 750 2717 confinio
780 2658 884 2717 erant.
937 2652 1003 2716 Vel
1030 2654 1220 2735 nuperrime
1251 2651 1416 2716 Kriehen·

243 2755 418 2841 hauerus²)
432 2759 630 2823 Graecorum
647 2761 789 2823 maiores
800 2759 972 2825 incilicia
984 2763 1018 2822 et
1030 2759 1071 2820 ad
1087 2763 1232 2822 montem
1245 2760 1414 2844 Argaeum

245 2866 280 2927 in
313 2865 520 2950 Cappadocia
549 2867 717 2930 habitasse
747 2867 924 2949 astrologia
958 2868 1051 2930 nisus
1087 2871 1240 2930 accurate
1274 2867 1414 2950 probare

246 2977 384 3038 cenatus
413 2980 471 3038 est.
524 2955 621 3038 Certe
651 2971 771 3037 Graeci
798 2975 871 3037 fere
898 2974 1026 3037 nullam
1061 2975 1192 3036 illerum
1228 2978 1415 3058 temporum

242 3081 437 3144 memoriam
461 3082 647 3145 servabant.
693 3079 838 3144 Semitae
862 3082 1011 3164 linguam
1036 3086 1069 3144 et
1091 3099 1199 3144 mores
1214 3079 1414 3145 Graecorum

245 3187 526 3271 finitimarumque
554 3190 724 3252 nationum
754 3188 812 3252 ille
835 3192 985 3271 tempore
1009 3192 1098 3251 certe
1122 3187 1316 3252 inficiebant
1340 3207 1415 3251 cum

245 3296 281 3357 in
303 3296 386 3359 Asia
409 3299 480 3358 tum
503 3296 538 3357 in
562 3294 714 3358 omnihus
738 3295 838 3357 maris
858 3293 1095 3358 Mediterranei
1117 3294 1267 3378 partibus
1290 3314 1416 3358 merca·

244 3405 352 3464 turam
375 3402 548 3465 facientes.
594 3400 793 3466 Perversum
820 3407 932 3464 tamen
961 3405 1012 3464 est
1040 3421 1083 3465 ex
1113 3401 1268 3485 Aegypte
1298 3406 1414 3484 putare

246 3507 324 3571 deos
349 3512 382 3571 et
406 3512 493 3573 artes
516 3510 552 3571 in
570 3507 744 3571 Graeciam
766 3509 960 3590 pervenisse
970 3503 1005 3590 ³),
1029 3527 1093 3590 quo
1116 3509 1264 3592 singulos
1287 3511 1415 3572 tanturn

245 3614 387 3678 advenas
412 3635 455 3678 ex
478 3616 632 3698 Aegypte
660 3615 825 3698 profectos
856 3615 1024 3698 appulisse
1053 3615 1190 3679 concedi
1217 3618 1327 3700 potest
1353 3634 1416 3678 nac

244 3725 357 3783 tamen
378 3723 512 3785 natione
536 3721 731 3804 Aegyptiae,
756 3721 814 3786 sed
838 3727 896 3784 aut
914 3719 1055 3785 Semitas
1080 3727 1136 3785 aut
1158 3721 1415 3805 Indogermanos

245 3827 345 3909 ipseS,
369 3829 426 3907 qui
449 3833 545 3891 antea
568 3827 759 3911 Aegyptum
782 3827 923 3891 fortasse
947 3827 1187 3892 aGraeeorum
1204 3828 1414 3892 examinibus

247 3931 405 3995 declinati
428 3939 484 3996 aut
507 3935 715 4017 stipendiarii
737 3939 967 4018 pervenerant.

320 4176 340 4245 ¹)
360 4179 404 4235 Fr.
423 4179 642 4248 Lanermant,
661 4180 712 4235 Dic
730 4180 861 4250 definge
880 4181 929 4236 der
947 4179 1052 4246 Culter,
1072 4179 1148 4247 1875,
1167 4181 1226 4250 lp.
1246 4180 1280 4234 72
1298 4198 1338 4249 aq.

319 4265 340 4332 ²)
360 4269 521 4340 Theogonie
538 4271 596 4324 und
614 4270 797 4335 astronomia,
818 4269 895 4335 1881,
913 4289 942 4340 p.
962 4271 1010 4326 181
1029 4288 1072 4337 aq.

319 4355 340 4426 ⁸)
359 4358 403 4414 Sic
414 4357 595 4425 Mereklin,
614 4359 707 4414 Ueher
725 4360 779 4414 den
791 4358 910 4415 Einfluaa
927 4361 975 4415 dea
991 4358 1101 4414 Oriente
1118 4359 1168 4414 auf
1184 4361 1234 4414 dae
1244 4358 1418 4428 griechische

245 4446 418 4515 alterarum,
452 4446 529 4503 1851.
585 4448 661 4505 Artis
694 4448 900 4518 Aegyptiaeanr
932 4449 1070 4519 originem
1104 4448 1202 4504 statuit
1236 4448 1418 4510 Thiarach,

245 4536 377 4607 Epeehen
395 4538 445 4592 der
462 4536 553 4593 Kanai
570 4537 616 4593 bei
634 4539 689 4592 den
708 4535 856 4603 Griechen,
876 4535 954 4594 1829.
