3367 5192
759 446 786 450 ..
850 358 890 417 12

280 567 391 630 lichen
418 565 547 632 Nomen
574 567 786 650 wiederfand,
821 571 865 632 ist
899 570 935 632 in
969 569 1029 633 der
1056 569 1343 651 geschichtlichen
1371 569 1452 633 Ent-

278 674 468 757 wichelung
503 673 560 737 dos
591 675 772 756 religiosen
806 673 1049 741 Bewusstseins
1083 675 1142 738 der
1172 672 1359 739 Bewohner'
1391 676 1450 739 des

279 778 527 845 nordostlichen
544 779 807 847 Griechenlends
832 801 891 846 aus
915 783 992 847 dem
1007 781 1130 846 Wesen
1155 782 1214 845 der
1229 783 1394 866 geistigen
1409 783 1449 864 (P)
1562 841 1567 848 .

281 885 431 950 Gottheit
453 886 566 978 Dione,
583 880 892 972 hervorgegangen’.

370 992 558 1058 Eorundem
586 996 746 1078 gentium,
776 1011 861 1078 quae
876 990 1027 1077 Ἄρτεμιν
1051 998 1148 1061 deam
1170 1002 1317 1061 nostram
1341 998 1454 1080 appel·

280 1097 401 1181 labant,
437 1119 513 1183 pars
548 1120 596 1183 ea,
631 1121 715 1183 quae
749 1103 785 1164 in
822 1103 954 1166 Cretam
989 1104 1131 1167 insulam
1165 1105 1351 1185 transierat,
1387 1104 1452 1166 alio

281 1204 409 1270 Dianae
443 1209 576 1271 nomine
613 1208 842 1288 antiquissimo
877 1208 1040 1289 utebatur,
1078 1207 1152 1272 dico
1187 1207 1454 1272 Britomartin

281 1319 315 1378 et
344 1313 464 1380 Graeci
493 1335 623 1398 quoque
651 1317 713 1380 hac
742 1317 919 1398 peregrina
954 1336 1035 1381 voce
1065 1316 1216 1396 Dianam,
1249 1335 1348 1396 quam
1383 1299 1458 1379 fere

282 1421 421 1486 eandem
457 1442 530 1487 esse
566 1423 662 1486 deam
698 1411 935 1506 cognocerent,
973 1425 1191 1488 nominabant
1201 1421 1233 1504 ¹).
1289 1422 1453 1488 Usitatius

283 1528 417 1609 quidem
445 1534 516 1593 erat
542 1529 729 1610 Dictynnae
760 1549 891 1611 nomen,
927 1532 1015 1614 quod
1044 1533 1134 1596 idem
1164 1550 1183 1593 e
1208 1531 1306 1594 Creta
1333 1531 1454 1609 insula,

284 1636 377 1698 cuius
412 1635 446 1697 in
481 1636 681 1700 occidentali
714 1641 809 1720 parte
844 1640 991 1702 maxime
1024 1638 1203 1719 colebatur,
1239 1637 1281 1700 ad
1310 1637 1453 1701 Graecos

282 1747 481 1822 pervenerat
491 1738 524 1825 ²).
581 1741 652 1806 Iam
688 1762 766 1808 vero
800 1746 945 1828 primum
976 1745 1017 1810 do
1052 1744 1283 1808 Britomartios
1304 1745 1454 1807 nomine

284 1867 429 1930 agemus,
464 1851 559 1913 cuius
593 1852 900 1934 interpretationem
937 1852 1068 1915 Cretica
1102 1872 1122 1916 e
1155 1852 1269 1934 lingua
1304 1852 1456 1913 haustam

282 1954 391 2034 Etym.
419 1955 529 2038 Magn.
564 1954 601 2035 (a.
631 1957 661 2020 h.
689 1956 732 2039 y.)
767 1957 912 2021 tradidit.
968 1949 1123 2021 ‘Dulcem
1152 1949 1324 2041 virginem'
1353 1955 1456 2019 verba

284 2061 399 2125 audire
434 2064 689 2146 lexicographus
724 2064 814 2146 dicit,
851 2084 926 2129 cum
950 2057 1072 2130 ‘brito-²
1101 2066 1191 2129 idem
1227 2065 1313 2147 quod
1349 2063 1454 2143 dulce,

278 2161 415 2232 ‘martis'
448 2171 542 2252 virgo
573 2165 660 2261 3113).
706 2170 779 2234 Etsi
803 2171 887 2235 haec
909 2173 1000 2236 notio
1022 2191 1089 2236 non
1112 2174 1193 2236 satis
1216 2176 1292 2254 apta
1314 2171 1455 2252 ridetur,

282 2281 394 2342 tamen
418 2278 543 2359 aliquid
566 2279 638 2342 veri
661 2279 696 2341 in
719 2280 779 2342 illa
801 2280 1076 2362 interpretatione
1099 2280 1196 2342 inest.
1219 2269 1347 2341 ‘Brito'
1366 2278 1455 2340 enim
1518 2283 1521 2293 '

284 2385 374 2448 idem
403 2403 476 2448 esse
508 2403 627 2450 censeo
652 2390 750 2468 atque
775 2386 976 2450 adiectivum
998 2387 1107 2450 blitha
1128 2386 1182 2449 rel
1207 2385 1297 2448 bhde
1321 2383 1457 2447 Germa·

284 2494 407 2572 nicum,
442 2493 496 2556 eui
531 2494 619 2557 inest
651 2495 742 2558 notio
770 2484 884 2558 ‘mitis’
918 2495 974 2557 vel
1001 2484 1135 2557 ‘suavis'
1169 2493 1225 2555 vel
1255 2483 1385 2559 ‘dulcis'
1422 2494 1456 2553 et

287 2597 523 2664 Senseriticum
546 2586 634 2683 pr'ita
657 2602 677 2663 i.
694 2620 721 2665 e.
738 2601 854 2664 hilaris
864 2598 899 2681 ⁴),
925 2620 1000 2664 cum
1016 2623 1028 2662 ι
1043 2602 1079 2663 in
1095 2598 1305 2663 Britomartis
1321 2599 1455 2662 nomine

286 2708 440 2789 primitus
474 2707 610 2789 longum
646 2725 719 2771 osse
755 2727 924 2790 censeam,
965 2726 1163 2789 quamquam
1199 2727 1218 2769 a
1254 2705 1458 2769 Callimacho

288 2813 330 2892 (11.
358 2815 378 2875 i.
406 2812 445 2877 D.
473 2834 501 2876 y.
532 2812 617 2893 190.)
648 2834 691 2877 ex
720 2817 818 2878 metri
846 2816 1050 2878 necessitate
1080 2815 1264 2897 corripitur.
1316 2811 1367 2876 De
1395 2813 1457 2874 hac

285 2921 388 3004 igitur
418 2922 527 3003 priore
550 2920 705 2984 vocabuli
727 2927 821 3003 parte
847 2941 922 2984 cum
945 2920 1194 3002 lexicographis
1218 2921 1458 2982 consentimus:

286 3044 396 3106 neque
418 3025 530 3089 tamen
552 3027 588 3088 in
610 3027 803 3108 posterioris
822 3017 959 3089 ‘martis'
990 3026 1215 3108 explicatione
1244 3026 1457 3105 acquiescere

286 3151 470 3217 possumus,
499 3152 575 3196 cum
601 3133 766 3215 virginem
794 3152 813 3196 a
838 3132 992 3196 Cretibus
1021 3149 1087 3194 non
1104 3122 1258 3194 ‘mortim'
1283 3130 1342 3193 sed
1359 3121 1459 3192 ‘mar-

286 3232 372 3303 nam’
397 3240 520 3303 dictam
544 3259 617 3304 esse
643 3234 830 3322 sciamus5).
876 3237 948 3302 Iam
972 3257 1051 3300 vero
1075 3257 1151 3300 cum
1165 3235 1349 3319 Indogerm.
1372 3235 1459 3298 radi-

287 3366 360 3411 cem
377 3336 486 3410 ‘smar’
511 3348 531 3409 i.
556 3365 583 3410 e.
607 3347 801 3410 meminisse
825 3346 881 3409 vel
897 3336 1055 3408 ‘smarati'
1087 3350 1107 3407 i.
1131 3362 1160 3406 e.
1183 3362 1310 3406 memor
1337 3343 1459 3405 habea·

286 3449 405 3532 muel),
439 3453 516 3516 inde
545 3471 666 3516 nomen
688 3445 825 3516 ‘martis’
855 3452 1086 3516 deducendum
1114 3469 1188 3514 esse
1221 3449 1386 3531 existimo,
1420 3454 1458 3512 ut

175 3623 185 3642 ⁸
291 3561 473 3643 composita
501 3563 614 3624 nostra
640 3577 721 3623 voce
745 3558 816 3622 fere
839 3559 929 3622 idem
954 3558 1040 3639 quod
1063 3550 1212 3637 εύ-μενής
1236 3556 1460 3638 significatum

289 3684 363 3730 esse
397 3665 557 3729 videatur.
613 3665 726 3747 Atque
760 3667 796 3728 111
830 3665 893 3729 hac
929 3665 1153 3747 explicatione
1187 3664 1267 3726 artis
1301 3666 1460 3744 etymolo-

367 3897 387 3967 1)
406 3898 440 3954 cf.
459 3899 539 3953 Paua.
557 3897 606 3964 111,
631 3896 673 3964 11,
691 3897 724 3952 2:
755 3896 906 3966 Nymphae
927 3896 1045 3951 sormam
1069 3898 1167 3964 postea
1190 3893 1265 3963 apud
1283 3891 1402 3947 Graecos
1417 3893 1461 3946 in-

291 3989 359 4044 duit.
396 3987 476 4043 Paua.
492 3987 527 4053 11,
546 3986 590 4053 30,
603 3988 633 4042 31
652 3985 761 4042 Gallim.
779 3986 877 4055 hymn.
894 3985 925 4040 in
943 3984 1033 4053 Dian,
1050 4001 1076 4039 v.
1092 3983 1152 4051 199,
1170 3984 1201 4038 et
1216 3983 1281 4037 adn.
1299 3980 1461 4051 spanhemii

287 4077 318 4131 in
335 4078 394 4132 eius
411 4077 455 4132 ad·
473 4076 509 4143 11,
527 4094 555 4147 p.
574 4075 634 4133 258.
671 4074 798 4140 Hoeck,
817 4075 911 4140 Krete,
930 4073 965 4140 11,
984 4092 1011 4145 p.
1031 4071 1092 4142 158,
1112 4074 1171 4127 180.

364 4163 386 4232 2)
406 4165 436 4220 P.
455 4165 489 4231 X,
508 4165 551 4231 36,
570 4168 596 4220 5.
632 4165 695 4221 Eur.
714 4165 800 4234 Hipp.
818 4181 845 4218 v.
865 4164 925 4229 146,
945 4162 1023 4218 1130.
1059 4160 1199 4231 Aristoph.
1219 4160 1288 4214 Rau.
1309 4158 1385 4214 1359.

362 4252 383 4321 ³)
402 4254 468 4309 Hes.
485 4273 506 4310 s.
524 4272 550 4309 v.
568 4250 656 4324 βριτύ.

361 4339 383 4410 ⁴)
403 4341 498 4410 rich,
517 4343 535 4397 l.
555 4343 573 4396 1.
592 4361 620 4413 p.
639 4340 700 4398 825.

363 4429 384 4498 5)
402 4430 498 4500 Steph.
517 4431 581 4501 Byz.
599 4449 620 4485 s.
639 4450 665 4486 v.
685 4428 743 4493 Γάζ
763 4472 769 4487 .

362 4517 499 4588 8)1“1ο11,
518 4519 537 4575 1.
556 4519 574 4573 1.
593 4539 621 4588 p.
640 4521 703 4574 ¹218:
723 4519 850 4576 Indidem
867 4515 974 4585 μάρτυς
990 4533 1101 4573 nomen.
