3367 5192
769 345 810 404 47

204 573 279 617 sum
315 558 400 635 quod
433 553 582 617 Lauerus
617 551 714 633 (Syst.
746 553 850 633 Myth.
885 552 939 616 Gr.
974 573 1003 635 p.
1036 552 1114 631 289)
1148 551 1189 614 ad
1224 551 1372 614 lunarem

201 663 354 722 naturam
379 661 573 741 cognomina
595 658 722 722 Dianae
745 657 862 722 refert:
885 655 1017 736 Avario,
1045 655 1216 732 Λυκοᾶτες,
1242 649 1373 736 Ἀμαρυ-

201 762 264 845 σία,
288 783 365 828 cum
387 765 486 846 primi
509 765 600 827 illius
625 764 829 847 cognominis
853 763 1015 846 originem
1039 760 1137 843 plane
1159 761 1290 823 nescire
1313 778 1374 823 nos

203 889 361 933 censeam
371 866 404 950 ¹),
441 870 558 932 horum
589 889 668 933 vero
703 870 849 952 origines
881 869 921 933 ab
956 867 1149 951 oppidorum
1183 866 1374 930 nominibus

202 974 414 1039 deducendas
427 993 500 1039 esse
513 975 695 1040 Pausanias
708 970 872 1055 indicat2).
894 973 991 1036 Idem
1006 972 1154 1036 Lauerus
1170 971 1206 1051 (l.
1221 972 1241 1035 l.
1253 991 1284 1054 p.
1297 970 1375 1051 290)

205 1081 305 1163 plane
320 1099 478 1162 perverse
503 1081 544 1144 ad
566 1083 716 1144 lunarem
739 1080 835 1143 deam
857 1078 1033 1142 referenda
1049 1083 1163 1141 censet
1179 1077 1376 1159 cognomina

202 1178 389 1266 ἐλλοφόνος,
424 1180 604 1267 τηλέμαχος,
630 1184 842 1266 τρικλαρίαῧ),
870 1179 1053 1264 χρυσήνιος,
1082 1176 1375 1264 χρυσηλάκατοςὴ,

206 1307 283 1352 cum
306 1291 373 1352 alia
395 1291 524 1353 ratione
549 1292 652 1354 multo
676 1289 809 1353 facilius
833 1289 950 1352 eadem
973 1288 1134 1371 explicari
1149 1304 1248 1369 posse
1267 1287 1375 1366 quivis

204 1395 387 1478 intellegat.
878 1450 883 1458 ,

293 1495 1036 1582 1161116(1611111611666111111161161111115),
1061 1499 1147 1580 quod
1171 1499 1230 1562 1116
1255 1498 1378 1577 laudat,

206 1606 247 1669 ad
274 1606 387 1668 lunam
417 1606 540 1669 refero:
570 1600 608 1679 ἃς
631 1606 822 1686 (Erinnyes)
846 1600 921 1668 οὔτε
953 1598 1071 1690 rippa}
1101 1596 1197 1685 ἡλίου
1227 1595 1378 1682 προσδέρ-

204 1730 292 1772 κεται
314 1704 381 1772 οὔτ’
406 1703 594 1788 ἀστερωπὸν
609 1705 697 1792 ὄμμα
711 1705 847 1792 Λητώας
861 1705 970 1789 κόρης,
992 1709 1051 1771 sed
1067 1708 1108 1771 ad
1125 1707 1211 1770 caeli
1226 1709 1380 1772 nocturni

206 1813 373 1878 stellatam
402 1815 563 1897 speciem:
599 1807 784 1894 ἀστερωπὸς
819 1815 909 1877 enim
944 1815 1022 1876 luna
1055 1815 1220 1877 nominari
1254 1815 1379 1896 nequit,

205 1919 265 1983 sed
293 1919 400 1982 solum
430 1921 559 1984 caelum
586 1924 784 1983 nocturnum
794 1914 820 2004 6)
851 1922 922 1983 sive
950 1915 1093 2001 alerio').
1138 1918 1210 1994 Qua
1239 1939 1275 1984 re
1306 1940 1380 2004 per·

207 2030 321 2109 specta
345 2028 466 2090 mirum
488 2026 628 2107 ridetur,
654 2045 751 2106 quam
775 2026 905 2089 sincere
930 2029 964 2089 et
982 2027 1172 2108 incorrupte
1188 2026 1379 2105 Aeschylus

207 2130 335 2195 Dianae
359 2135 513 2195 naturam
537 2133 801 2212 antiquissimam
824 2131 955 2194 noverit
978 2137 1011 2194 et
1033 2131 1257 2214 descripserit.

296 2237 413 2319 ltaque
438 2237 546 2301 denuo
562 2238 712 2320 singulis
735 2237 835 2300 robus
858 2239 1003 2319 peractis
1026 2237 1061 2300 id
1084 2241 1213 2300 tantum
1237 2237 1279 2301 de
1295 2239 1380 2300 anti·

208 2345 369 2424 quissima
388 2345 551 2426 religione
567 2347 714 2406 statuere
728 2361 903 2425 possumus
919 2343 1070 2405 lunarem
1085 2341 1213 2406 Dianae
1229 2347 1381 2406 naturam

208 2450 245 2511 in
268 2468 342 2512 eam
357 2452 487 2511 tantum
503 2451 703 2512 sententiam
718 2449 922 2531 probandam
939 2468 1022 2531 esse,
1044 2453 1083 2512 ut
1098 2451 1178 2512 luna
1193 2449 1381 2529 symbolum

208 2555 316 2618 noctis
340 2555 391 2617 sit.
437 2552 552 2618 Noctis
575 2555 678 2636 igitur
702 2555 815 2617 divina
837 2556 1012 2618 maiestate
1035 2555 1230 2638 principalis
1253 2553 1381 2618 Dianae

208 2664 326 2723 natura
351 2660 547 2724 continetur.

300 2764 470 2840 Quodoum
494 2767 541 2828 ita
563 2766 617 2844 sit,
642 2766 743 2828 etiam
765 2770 866 2828 noctu
887 2784 982 2829 sacra
1005 2765 1087 2829 deae
1109 2767 1198 2829 facta
1215 2785 1290 2830 esse
1306 2786 1383 2830 con·

211 2876 410 2935 sentaneum
434 2875 493 2952 est,
518 2872 612 2933 cuius
634 2872 686 2934 rei
708 2872 877 2954 complura
899 2872 1059 2936 habemus
1083 2869 1281 2954 6116111111).

299 2976 417 3040 Restat
441 2979 561 3058 autem,
584 2979 622 3038 ut
644 2981 931 3041 monumentorum
952 2979 1142 3042 testimonia
1165 2978 1206 3041 do
1222 2983 1384 3042 nocturna

210 3085 266 3146 161
296 3083 406 3146 lunari
435 3081 562 3146 Dianae
600 3082 712 3146 indole
748 3084 967 3165 explicemus,
1016 3083 1127 3170 Huius
1158 3103 1238 3147 vero
1275 3086 1384 3167 operis

210 3208 277 3252 non
307 3192 358 3252 est
388 3188 537 3271 singulas
567 3207 761 3253 enumcrare
790 3195 916 3254 statuas
946 3194 979 3254 et
1008 3210 1161 3254 nummos
1195 3193 1229 3253 et
1261 3189 1384 3272 figuras

213 3296 334 3377 pictas,
366 3313 449 3375 quae
478 3295 577 3358 lunae
608 3295 795 3374 symbolum
824 3298 1015 3360 contineant
1041 3298 1098 3360 161
1121 3295 1211 3359 aliud
1236 3296 1384 3358 eiusdem

212 3401 364 3481 notionis,
388 3419 452 3463 nec
470 3400 651 3482 quidquam
668 3401 708 3462 ad
725 3405 877 3464 naturam
898 3403 980 3466 deae
997 3401 1228 3486 explicandam
1246 3401 1384 3479 confert,

287 3677 308 3746 ¹)
327 3679 357 3732 P.
374 3679 410 3746 11,
429 3679 472 3742 31,
491 3680 522 3744 4;
542 3680 576 3734 61.
596 3680 828 3747 Schoemann,
848 3681 914 3738 Ant.
933 3680 980 3736 Gr.
997 3681 1033 3747 ΙΙ,
1052 3699 1079 3751 p.
1098 3681 1164 3738 481.

288 3765 309 3832 2)
329 3766 360 3822 P.
379 3767 454 3833 vill,
474 3769 516 3833 36,
536 3768 560 3819 7.
596 3768 627 3823 Ρ.
645 3768 666 3834 Ι,
686 3770 729 3835 31,
747 3771 773 3823 4.

287 3851 308 3920 3)
329 3853 368 3908 lia
387 3859 436 3920 est,
455 3856 532 3909 cuius
549 3857 674 3911 temeres
693 3874 707 3912 e
725 3858 810 3912 trium
826 3873 962 3927 pagorum
975 3862 1048 3913 sorte
1061 3858 1106 3913 161
1118 3875 1187 3927 agro
1201 3859 1387 3927 compositum

214 3945 270 4009 est3
290 3943 324 3998 cf.
343 3943 374 3999 P.
393 3943 454 4008 VII,
475 3945 515 4008 19,
536 3944 559 3998 1.

287 4028 309 4098 ⁴)
328 4032 374 4085 An
392 4031 486 4086 omnia
504 4032 618 4087 deorum
638 4049 722 4088 aurea
739 4034 924 4090 instrumenta
941 4037 978 4090 ad
995 4037 1091 4090 lunam
1110 4034 1276 4103 pertinent?

287 4117 310 4184 ⁵)
330 4119 458 4188 Aeschyl.
476 4119 510 4173 fr.
531 4119 589 4174 159.

287 4205 309 4275 6)
328 4208 392 4262 Eur.
410 4208 526 4277 Hippoi.
545 4207 596 4262 850
614 4226 669 4277 sq:
690 4205 787 4277 φέγγος
804 4206 893 4264 ἀελίου
910 4230 938 4265 τε
955 4211 1001 4263 καὶ
1018 4207 1115 4270 νυκτὸς
1129 4206 1288 4277 ἀστερωπὸν
1299 4207 1384 4270 σέλας.

289 4295 310 4362 7)
329 4297 392 4350 Eur.
420 4296 483 4350 Son.
510 4315 537 4350 v·
560 4297 637 4362 1078,
669 4289 712 4348 ὅτε
736 4295 783 4350 καὶ
810 4294 879 4358 Διὸς
905 4292 1062 4364 ἀστερωπὸς
1088 4293 1265 4364 ἀνεχόρευσεν
1290 4293 1388 4363 αἰθήρ,

214 4379 318 4450 χορεύει
336 4379 366 4436 dl
384 4381 489 4436 σελάνα.

290 4468 312 4536 8)
334 4470 368 4524 61.
387 4471 418 4524 Ρ.
439 4469 498 4536 VII,
520 4470 560 4535 19,
582 4469 781 4537 1;11,11,6.
817 4470 962 4526 Ε11.Η61.
983 4470 1060 4526 1365.
