3367 5192
866 309 911 372 94

303 520 471 596 necasset,
509 514 637 581 Dianae
671 516 888 600 Hegemonae
924 517 1039 581 fanum
1073 515 1303 583 aedifivaren‘t
1335 516 1474 602 Tegeae,

301 639 369 702 quo
392 619 563 704 effugerat.
601 621 782 687 Praeterea
803 623 903 687 huius
926 623 1010 688 deae
1032 621 1132 688 aedos
1153 641 1256 708 prope
1274 623 1475 689 Acacesium

302 723 470 792 Pausania
492 723 657 810 auetore¹)
681 732 760 792 erat.

393 866 520 932 Eadem
542 867 584 931 de
608 886 717 951 cauea,
741 868 829 950 quod
842 866 952 933 Diana
973 872 1160 952 pugnantes
1183 886 1317 932 serrare
1339 872 1373 933 et
1386 869 1475 934 tueri

302 971 484 1053 putabatur
504 973 541 1036 in
562 973 699 1057 publico
722 974 815 1042 cultu
836 968 1016 1053 Σώτειρα
1041 974 1126 1038 mihi
1152 973 1285 1038 videtur
1306 974 1475 1038 nominata
1519 998 1522 1002 ·

300 1095 393 1159 esse,
423 1076 510 1159 quod
532 1078 622 1143 idem
645 1097 766 1144 nomen
788 1081 825 1142 in
847 1081 976 1163 privato
999 1079 1092 1143 cultu
1112 1083 1267 1162 partuum
1288 1077 1477 1162 praesidem

302 1179 480 1266 significat.
518 1181 685 1249 Proezene
708 1183 869 1266 Theseus,
894 1203 970 1248 cum
989 1164 1204 1249 Asterionem
1224 1182 1346 1248 Minois
1368 1183 1477 1247 filium

301 1289 456 1372 vicisset,
491 1295 582 1354 certe
614 1291 707 1355 illius
741 1288 870 1354 Dianae
904 1287 1058 1372 Sospitae
1090 1289 1255 1373 templum
1288 1283 1475 1367 condidit¹).

302 1390 434 1458 ileinde
464 1394 505 1459 ab
532 1393 722 1460 Heraclidis
748 1392 850 1459 Boeis
877 1392 1060 1458 Laconices
1092 1395 1128 1457 in
1161 1393 1282 1478 oppido
1312 1394 1476 1477 templum

304 1497 404 1562 huius
427 1498 511 1563 deae
534 1499 703 1564 conditum
726 1504 810 1581 erat,
843 1517 920 1563 oum
942 1498 1051 1582 lepus,
1079 1497 1208 1563 Dianae
1236 1517 1332 1563 sacra
1359 1499 1476 1580 bestia,

300 1602 419 1686 oppidi
450 1603 649 1669 aedificandi
679 1606 792 1669 locum
827 1599 1167 1686 demonstravisset³).
1220 1602 1303 1667 Pum
1331 1602 1477 1686 Megaris

307 1706 415 1772 Diana
433 1709 730 1792 cognominabatur
746 1708 863 1790 Sotira,
886 1709 973 1791 quod
997 1728 1037 1773 ea
1060 1709 1232 1791 adiutrice,
1254 1713 1293 1772 ut
1314 1709 1476 1790 ferebant,

301 1812 518 1896 Megarenses
547 1813 712 1879 Mandonii
740 1815 866 1880 milites
896 1810 1170 1899 oppresserant4).
1219 1813 1262 1878 In
1292 1814 1368 1878 aliis
1397 1833 1477 1879 vero

305 1919 397 2002 locis,
413 1919 474 1983 ubi
487 1918 596 1984 Diana
614 1920 664 1983 sic
679 1920 910 2002 cognominata
924 1919 1104 2002 colebatur,
1125 1937 1246 2002 nempe
1260 1915 1477 2003 Phigalias⁵),

302 2020 511 2107 Pellenae⁸),
541 2025 656 2089 cultus
685 2026 850 2108 originem
875 2044 944 2089 non
972 2025 1208 2107 comperimus,
1241 2024 1302 2093 sed
1331 2025 1478 2089 similem

299 2147 441 2193 causam
469 2129 577 2194 fuisse
612 2131 817 2212 cognominis
850 2129 1035 2193 verisimile
1069 2134 1129 2193 est.
1190 2127 1342 2212 Namque
1376 2132 1478 2195 etiam

304 2231 520 2317 Megalopoli,
551 2252 636 2316 quae
663 2234 744 2298 urbs
765 2233 936 2298 Arcadum
958 2235 1166 2314 synoecismo
1189 2235 1322 2298 condita
1345 2239 1409 2318 est,
1440 2237 1478 2299 in

300 2337 395 2403 Iovis
429 2341 554 2424 templo
587 2339 715 2404 Dianae
748 2338 892 2423 Sospitis
926 2341 1059 2423 signum
1093 2335 1204 2423 erat⁷),
1240 2359 1306 2423 qua
1335 2343 1409 2424 ipsa
1438 2359 1477 2405 re

300 2445 488 2509 indicatum
501 2446 634 2510 ridetur
648 2445 766 2510 urbem
780 2464 848 2509 non
863 2447 936 2509 sine
952 2445 1016 2510 dea
1031 2444 1193 2510 adiutrice
1210 2447 1376 2511 conditam
1392 2463 1476 2511 esse.

392 2583 546 2668 Denique
568 2591 680 2651 antem
704 2603 898 2669 cognomen,
920 2586 1008 2667 quod
1030 2584 1158 2649 Dianae
1180 2585 1360 2668 Pyrrhichi
1374 2584 1478 2651 Laco·

297 2693 397 2756 nicer
432 2692 468 2782 in
502 2689 657 2775 oppidulo
691 2685 919 2772 indebatur⁸)‚
957 2689 1117 2755 bellicam
1149 2692 1222 2755 sine
1257 2690 1358 2755 dubio
1392 2692 1475 2756 deae

308 2801 462 2861 naturam
475 2796 601 2880 probat,
617 2814 816 2879 quamquam
828 2797 995 2860 contraria
1006 2795 1220 2879 significatur,
1236 2795 1310 2860 dico
1322 2789 1476 2875 Ἀστρα-

303 2900 411 2973 τείας
426 2920 557 2983 nomen,
574 2899 661 2983 quod
672 2900 800 2966 Dionae
816 2902 892 2965 ideo
901 2901 1007 2965 fuisso
1019 2900 1184 2983 dicebant,
1200 2902 1279 2983 quia
1289 2901 1475 2966 Amazones

300 3007 355 3071 ibi
384 3006 614 3089 expeditiones
639 3006 840 3071 finivissent.
892 3007 1043 3090 Apparet
1079 3008 1170 3070 enim
1199 3007 1262 3070 hoc
1294 3024 1476 3089 cognomen

297 3109 435 3174 'ilianae
467 3111 589 3192 apponi
613 3128 786 3193 nunquam
814 3111 978 3194 potuisse,
1007 3111 1075 3175 nisi
1101 3111 1165 3176 dea
1186 3110 1352 3192 quondam
1374 3112 1476 3175 etiam

302 3213 469 3279 pelliceas
491 3213 603 3297 fuerit,
626 3215 735 3297 qualis
757 3217 965 3280 Amazonum
987 3215 1050 3280 dea
1072 3220 1152 3280 erat.

395 3352 569 3430 Quodcum
588 3353 718 3419 Dianae
739 3355 793 3418 ris
814 3355 858 3418 ad
879 3354 1007 3419 bellum
1028 3356 1221 3438 pertineret,
1245 3355 1346 3418 etiam
1367 3372 1479 3438 pugna

309 3461 396 3525 bene
434 3461 610 3525 commissa
648 3461 755 3544 spolia
791 3458 919 3524 Dianae
956 3458 1203 3524 dedicabantur.
1270 3459 1369 3524 Corte
1404 3469 1479 3543 post
1517 3509 1520 3514 .

382 3721 402 3790 ¹)
421 3721 453 3777 P.
472 3721 549 3790 VIIl,
568 3722 611 3788 37,
631 3722 655 3776 1.

381 3809 404 3878 ¹)
423 3810 571 3876 P.11,e1,
591 3810 615 3864 1.

380 3895 402 3964 ⁸)
420 3897 452 3951 P.
471 3897 521 3965 III,
539 3897 583 3964 22,
602 3898 644 3953 12.

379 3982 402 4053 ⁴)
420 3984 452 4040 Ρ.
465 3985 486 4053 Ι,
505 3985 549 4052 40,
568 3985 648 4040 2-4.
678 3983 748 4052 cll,
766 3982 810 4051 44,
828 3983 855 4040 4.
884 3983 1072 4050 Orerbeclr,
1091 3982 1477 4054 deamoneugrfflueik,

297 4074 321 4128 ἸΙ
369 4071 455 4138 .378,
473 4073 516 4128 ed.
535 4075 562 4129 3.

322 4091 401 4228 ῬΒ)
419 4160 451 4216 Ρ.
469 4160 542 4228 Vlll,
560 4161 604 4229 37,
623 4159 650 4216 4.

379 4245 403 4315 ⁸)
421 4248 453 4303 P.
471 4248 533 4315 Vll,
552 4249 595 4315 27,
614 4248 640 4304 3.

380 4334 402 4404 ⁷)
420 4335 452 4394 P.
470 4336 608 4402 v111,30,
628 4337 670 4393 10.

377 4421 402 4491 ⁸)
422 4425 453 4479 P.
472 4423 522 4491 111,
536 4422 584 4491 25,
603 4424 628 4480 3.
