3367 5192
208 579 408 664 explicando
434 577 650 641 desideratur.
687 571 805 660 Ἑκάτη
828 577 931 659 igitur
948 564 1152 640 ‘laculatrix'
1177 577 1241 637 est:
1265 573 1383 636 sedin

210 705 249 750 eo
270 685 449 750 Goebelius
473 684 646 768 vulgarem
669 682 789 746 falsam
810 684 1011 747 sententiam
1038 689 1172 746 secutus
1199 684 1266 762 est,
1295 678 1383 760 quod

210 792 251 856 de
276 790 371 855 Luna
393 794 553 870 tanquam
577 789 744 852 radiorum
768 779 985 853 ‘iaculatrice'
1011 790 1143 871 cogitat.
1187 782 1293 848 Immo
1316 784 1384 848 tela

210 897 274 962 diis
297 896 373 960 ideo
401 895 527 959 tributa
550 914 624 960 esse
647 895 819 978 videntur,
852 895 940 977 quod
966 894 1058 956 nulla
1086 893 1153 956 alia
1180 909 1218 954 rc
1247 891 1384 954 deorum

113 1003 117 1010 ’
210 1002 444 1066 inevitabilem
466 1002 535 1065 vim
558 1003 738 1086 praecipue
762 1004 797 1066 in
812 1002 996 1086 repentinis
1012 999 1173 1064 mortibus
1189 996 1245 1060 vel
1259 995 1384 1060 morbis

210 1109 332 1172 melius
347 1107 517 1171 illustrare
540 1109 691 1172 homines
706 1109 809 1191 prisci
824 1111 1012 1190 potuerunt,
1036 1124 1135 1188 quam
1150 1105 1238 1187 telis,
1262 1103 1383 1184 quibus
1402 1151 1407 1160 .

210 1214 441 1278 instrumentis
473 1215 539 1297 ipsi
569 1216 605 1278 iu
635 1213 877 1278 interficiendis
913 1212 1030 1276 bestiis
1066 1215 1164 1292 atque
1196 1208 1385 1273 hominibus
1503 1277 1507 1283 ,

212 1320 399 1392 utebantur.
451 1319 506 1384 Sic
540 1321 600 1384 illa
630 1321 696 1403 vis,
735 1339 833 1402 quam
865 1319 901 1382 in
927 1317 1056 1382 Hecate
1086 1318 1197 1380 inesse
1236 1315 1385 1380 Lauerna

211 1427 253 1510 (p.
277 1425 354 1508 305)
379 1427 545 1510 opinatur,
574 1444 650 1490 cum
674 1426 764 1490 dicat
786 1416 881 1488 ‘Was
907 1422 997 1488 mich
1020 1424 1074 1487 die
1097 1422 1304 1505 Mythologic
1327 1422 1386 1486 der

211 1531 343 1596 Hekate
367 1533 465 1614 lehrt,
489 1532 566 1596 dass
590 1533 638 1595 sie
662 1530 717 1595 die
737 1531 930 1596 furchtbare
948 1529 1133 1612 gewaltige,
1157 1529 1384 1593 unheimliche

211 1635 418 1722 Mondgottin
443 1633 485 1722 (l)
508 1640 567 1720 ist,
597 1626 656 1714 clas
689 1656 780 1702 muss
809 1638 951 1701 anchin
975 1637 1083 1700 ihrem
1104 1634 1233 1698 Namen
1256 1627 1386 1718 liegen',

212 1745 274 1808 hoc
296 1735 434 1826 Ἑκάτης
469 1745 602 1808 nomine
633 1744 764 1808 scilicet
795 1748 887 1806 recte
921 1742 1088 1825 explicato
1124 1744 1248 1825 optime
1285 1743 1387 1826 signi·

212 1849 339 1914 ficetur.

299 1953 372 2020 Iam
406 1959 526 2037 restat,
563 1959 601 2018 ut
638 1953 679 2018 de
714 1955 821 2037 patria
854 1955 998 2017 nominis
1028 1955 1244 2038 disputemus.
1302 1955 1387 2019 Cum

213 2067 348 2143 etynmn
376 2080 418 2125 ex
444 2060 571 2126 Graeco
600 2078 752 2124 sermone
780 2058 1032 2142 deduxerimus,
1060 2061 1117 2124 vcl
1146 2059 1287 2126 Graecia
1314 2063 1388 2146 ipsa

212 2167 268 2232 vel
298 2169 441 2233 finitima
472 2169 567 2250 regio
594 2167 702 2250 patria
736 2167 780 2229 sit
817 2183 957 2229 necesse
993 2172 1052 2231 est.
1101 2167 1241 2231 Vossius
1273 2167 1388 2251 (Epist.

212 2274 315 2355 myth.
346 2272 417 2356 III,
457 2294 488 2357 p.
520 2274 585 2336 190
616 2269 711 2354 sqq.),
754 2269 952 2336 Welclrcrus
992 2271 1061 2353 (Th.
1091 2271 1146 2336 Gr.
1178 2272 1209 2355 I,
1240 2295 1271 2358 p.
1299 2274 1388 2356 564),

211 2379 381 2444 Prellerus
414 2377 530 2461 (Myth.
563 2377 618 2443 Gr.
649 2376 680 2458 I,
717 2398 748 2462 p.
778 2380 856 2458 257)
889 2375 1033 2442 Thraces
1065 2380 1190 2462 primos
1224 2378 1389 2444 Hecatam

214 2487 357 2550 coluisse
387 2485 597 2564 existimant,
630 2483 690 2547 sed
718 2483 905 2548 fabulosam
937 2484 1029 2548 illam
1059 2483 1222 2548 Thracum
1254 2491 1389 2570 gentem

215 2610 289 2654 cum
316 2609 437 2675 magna
464 2591 524 2654 illa
554 2590 749 2672 cognomino
777 2593 927 2673 natione,
956 2611 1041 2673 quac
1068 2592 1251 2677 posteriore
1280 2595 1389 2655 aetate

211 2694 255 2760 ad
282 2695 561 2780 septentrionales
588 2696 720 2778 Aegaei
749 2689 851 2760 maris
878 2716 952 2760 oras
982 2697 1168 2777 habitabat,
1202 2696 1286 2772 falso
1315 2716 1391 2761 cou-

218 2802 370 2868 fundunt.
415 2801 534 2884 Itaque
562 2803 598 2865 in
626 2801 688 2865 hac
711 2819 748 2864 re
771 2802 859 2866 nihil
880 2807 1008 2867 certum
1030 2809 1176 2868 statuere
1198 2821 1388 2886 possumus:

216 2909 251 2972 id
284 2912 413 2972 tantum
451 2928 470 2973 e
498 2909 642 2972 nominis
676 2909 811 2973 notione
848 2907 964 2993 colligi
996 2930 1094 2994 posse
1130 2927 1263 2992 censeo,
1296 2909 1391 2972 illam

214 3019 358 3098 gentem,
383 3034 467 3097 quae
489 3013 653 3078 Hecatam
676 3014 818 3096 coleret,
841 3015 989 3081 ferocem
1012 3022 1046 3082 et
1067 3015 1261 3082 bellicosam
1285 3014 1389 3079 fuisse

215 3125 263 3201 et,
296 3139 372 3184 cum
401 3120 488 3204 apud
509 3119 694 3184 Homerum
726 3120 825 3184 huius
853 3121 936 3188 deae
964 3141 1129 3204 nusquam
1151 3123 1277 3186 mentio
1300 3121 1391 3186 facta

215 3229 266 3308 sit,
291 3227 332 3291 ab
357 3225 494 3292 Ionibus
519 3245 591 3290 eam
615 3227 722 3309 primo
746 3227 871 3291 cultam
893 3229 1082 3311 negandum
1105 3247 1188 3293 esse.

304 3331 395 3408 Quae
425 3333 532 3398 adhuc
561 3334 809 3417 proposuismus
832 3332 960 3398 Dianae
987 3336 1122 3399 nomina
1146 3337 1280 3419 propria
1303 3336 1391 3418 apud

215 3438 359 3504 Graecos
387 3441 524 3523 vulgata
552 3444 644 3504 sunt:
674 3441 935 3522 cognominibus,
963 3441 1084 3522 quibus
1113 3441 1202 3504 nulli
1225 3441 1284 3504 alii
1307 3442 1390 3506 deae

214 3547 310 3630 plura
339 3545 598 3630 imponebantur
608 3541 645 3627 1),
676 3546 750 3632 ⁴suis
781 3563 932 3628 quaeque
962 3547 1046 3610 locis
1077 3546 1261 3630 explicabo.
1315 3545 1391 3611 Tria

216 3657 326 3715 autem
361 3653 546 3716 alienarum
578 3652 715 3716 dearum
743 3654 886 3735 nomina,
921 3671 1006 3736 quae
1026 3655 1143 3738 *etiam
1178 3652 1220 3717 ad
1248 3653 1391 3718 Dianam

214 3759 390 3840 pertinent,
409 3757 692 3823 commemoranda
707 3777 781 3822 esse
797 3764 884 3842 puto.
919 3758 1069 3824 Primum
1085 3760 1200 3834 Βενδῖς
1209 3755 1233 3840 ²)
1257 3758 1392 3823 Thraci-

216 3882 291 3927 cum
327 3883 463 3946 nomen,
503 3883 567 3946 quo
606 3865 731 3929 lunaris
766 3865 829 3930 dea
868 3865 1112 3949 appellabatur,
1152 3866 1246 3929 cuius
1281 3866 1390 3929 cultus

215 3970 367 4034 Athenas
389 3972 587 4053 importatas
611 3967 725 4052 crat5),
751 3971 790 4036 ad
808 3971 950 4036 Dianam
971 3962 1172 4053 referebant,
1197 3973 1319 4055 quippe
1337 3973 1391 4034 cui

179 4233 183 4241 ι
290 4164 310 4233 ¹)
330 4160 515 4231 Πολνώνυμος
544 4163 636 4218 Diana
665 4165 842 4234 apellabatur
873 4165 951 4221 velut
984 4165 1021 4221 ab
1051 4165 1193 4236 Aristoph.
1224 4166 1391 4236 Thesmopb.

215 4273 241 4310 v.
260 4252 322 4312 320.
360 4253 463 4324 Hymn.
482 4252 570 4324 Orph.
587 4253 631 4322 36,
650 4271 676 4311 v.
696 4256 721 4320 l,
758 4256 792 4310 cl.
811 4255 913 4312 Gallim
931 4255 969 4312 H.
984 4256 1015 4311 in
1034 4256 1076 4321 D,
1095 4274 1121 4310 v.
1140 4259 1165 4310 7.

290 4340 311 4412 ²)
330 4343 433 4398 Herod.
451 4342 500 4408 IV,
518 4345 565 4409 33;
585 4343 619 4410 V,
639 4347 663 4398 7.
699 4343 1182 4413 Hen.s.h.v.ct.s.v.01lonov.

216 4430 310 4572 ΜΣ)
329 4431 457 4504 Xenoph.
481 4432 554 4488 Hell.
579 4432 619 4498 II,
646 4435 672 4498 4,
701 4433 742 4488 ll.
783 4431 856 4488 Plat.
881 4434 908 4488 d.
933 4450 992 4502 rep.
1016 4432 1041 4499 1,
1067 4451 1094 4502 p.
1119 4433 1213 4491 coln.
1237 4434 1301 4490 Hos.
1325 4453 1346 4488 s.
1364 4453 1390 4489 v.

296 4519 352 4573 δια.
