3367 5192
862 369 904 430 38

298 579 433 660 bantur,
479 580 683 660 aliquantum
725 581 856 662 priscae
898 580 1072 662 religionis
1109 580 1280 642 continere
1318 579 1471 642 arbitror,

298 684 457 749 Sacerdos
482 686 571 748 enim
595 685 783 767 Oomaetho,
816 704 1001 767 quaecum
1022 684 1222 769 Melanippo,
1253 686 1376 748 iuvene
1404 685 1471 748 lor-

296 792 492 873 mosissirno,
522 793 558 854 in
586 793 690 874 ipsius
718 793 835 875 templi
859 792 974 872 adyto·
990 796 1140 874 stuprum
1167 792 1289 856 iecisse
1315 791 1469 872 traditur,

297 897 380 960 deae
415 899 665 978 antiquissimae
700 898 805 961 forma
840 898 1029 961 abalienata
1058 896 1190 961 videtur
1224 915 1313 961 esse:
1347 916 1468 961 nomen

298 1003 431 1085 quidem
458 1001 628 1083 κομαιθώ
656 1022 730 1067 cum
754 1003 882 1068 Dianae
912 1005 1106 1087 cognomine
1129 1001 1297 1065 Αἰθοπία
1325 1003 1470 1066 conferri

297 1114 414 1193 potest.
462 1109 528 1173 Sub
552 1110 611 1174 illo
634 1129 713 1174 vero
728 1108 920 1194 Melanippo
943 1112 1065 1174 iuvene
1082 1109 1213 1192 Jupiter
1235 1128 1310 1172 mea
1333 1107 1468 1190 quidem

298 1217 464 1280 sententia
487 1215 578 1298 latet,
602 1219 695 1298 cujus
726 1235 909 1299 cognomen
936 1207 1119 1296 Ἀμείλιχος,
1152 1215 1238 1297 quod
1270 1233 1370 1297 snpra
1401 1216 1469 1278 iarn

297 1322 519 1404 laudavimus,
556 1323 611 1386 hic
644 1322 684 1385 ad
718 1321 858 1386 fluvium
892 1320 1185 1405 praeterfluentem
1213 1321 1375 1385 ,tralatum
1408 1323 1469 1384 est.

298 1428 360 1509 (cf.
384 1427 422 1491 P.
447 1428 467 1491 l.
491 1427 512 1490 l.
536 1427 554 1507 ξ
578 1426 620 1507 2)
664 1427 782 1509 Itaque
813 1429 877 1491 hac
906 1427 1021 1492 fabula
1050 1428 1145 1490 illam
1175 1446 1275 1509 quam
1307 1427 1348 1490 de
1378 1425 1470 1490 Iovis

298 1539 333 1598 et
355 1532 481 1596 Dianae
506 1533 658 1616 coniugio
688 1537 919 1616 proposuimus
942 1535 1132 1617 opinionem
1159 1551 1245 1596 novo
1273 1537 1466 1616 argumento

297 1639 471 1724 probatam
493 1637 656 1704 videmus.

385 1743 537 1825 Denique
559 1743 762 1808 Rhodiorum
791 1747 900 1810 cultus
924 1747 1127 1809 mentionem
1158 1746 1255 1826 facio,
1279 1763 1378 1826 quem
1400 1764 1467 1808 non

297 1849 492 1914 Semiticum
516 1847 751 1934 existimem1),
786 1870 860 1915 cum
884 1851 1024 1934 Graeco,
1056 1870 1155 1933 quem
1177 1852 1272 1915 modo
1295 1851 1468 1933 descripsi,

298 1956 418 2020 similis
442 1960 608 2039 appareat
655 1955 784 2020 Groniis
814 1958 984 2021 hominem
1011 1958 1194 2041 posteriore
1222 1961 1329 2021 aetate
1358 1958 1467 2038 capite

297 2063 550 2126 condemnatum
574 2063 797 2142 immolabant,
820 2068 1038 2146 posteaquam
1057 2083 1133 2127 eum
1151 2064 1192 2126 ad
1208 2064 1325 2126 aedem
1340 2063 1469 2125 Aristo·

296 2169 394 2232 bulae
418 2168 592 2232 duxerunt.
638 2169 831 2232 Aristobulo
856 2174 967 2234 autem
983 2169 1110 2233 Dianae
1134 2187 1314 2250 cognomen
1339 2172 1410 2231 erat
1435 2172 1469 2230 et

296 2274 439 2337 Athenis
463 2277 497 2336 et
519 2269 666 2354 Rhodi2).
717 2273 820 2339 Vides
854 2275 962 2339 denuo
989 2274 1116 2338 DIanae
1145 2279 1179 2337 et
1206 2273 1296 2338 Iovis
1326 2267 1469 2354 (Κρόνος

297 2381 385 2443 enim
408 2379 497 2443 Iovis
525 2381 691 2462 antiquior
713 2380 819 2444 forma
843 2379 905 2460 ost)
928 2382 965 2445 in
989 2382 1092 2444 sacris
1117 2381 1390 2445 communionem.

383 2485 564 2550 Praeterea
602 2490 796 2569 argumenta
832 2486 951 2549 talium
991 2486 1242 2550 homicidiorum
1280 2505 1298 2548 e
1336 2484 1468 2565 fabulis,

297 2594 418 2676 quippe
442 2609 582 2674 quarum
605 2593 785 2656 involucris
815 2611 870 2656 res
898 2596 1013 2674 gestae
1043 2611 1142 2675 saepe
1171 2591 1362 2655 reconditae
1394 2591 1469 2672 sint,

297 2698 454 2780 colligere
485 2718 669 2782 possumus.
715 2697 807 2774 Quae
840 2699 882 2762 de
914 2690 1090 2782 Iphigenia
1122 2704 1156 2762 et
1186 2697 1305 2762 Medea
1336 2697 1469 2761 fabulae

295 2795 523 2884 narrabantur,
536 2806 682 2868 maxime
694 2806 925 2888 respiciendae
937 2805 1102 2870 rIdentur.
1132 2804 1228 2868 Prior
1240 2805 1374 2885 quidem
1390 2803 1470 2866 satis

296 2915 375 2976 nota
398 2913 431 2974 et
453 2915 544 2974 recte
568 2911 737 2994 explicata
760 2907 855 2992 estl).
890 2908 1007 2993 Itaque
1030 2912 1210 2975 inhaere
1233 2910 1358 2973 diutius
1382 2928 1470 2972 com-

297 3036 467 3108 moremur
500 3037 567 3081 non
600 3035 739 3080 necesse
767 3021 831 3096 est,
861 3019 935 3100 ipsa
963 3019 1053 3080 enim
1075 3016 1271 3100 Iphigeniae
1299 3014 1400 3079 caede
1429 3014 1471 3076 ad

296 3103 438 3188 Dianam
467 3122 664 3208 placandam
685 3124 811 3188 Aulide
840 3123 995 3188 confecta
1023 3124 1104 3186 satis
1130 3123 1296 3186 indicatur
1326 3121 1405 3184 oiim
1435 3121 1473 3182 in
1501 3107 1505 3111 ’

296 3230 424 3294 Dianae
448 3231 552 3292 saeris
576 3231 748 3293 hominum
771 3230 988 3293 mactationes
1009 3230 1150 3292 usitatas
1173 3227 1287 3292 luisse.
1332 3225 1469 3289 Puellae

296 3355 374 3399 vero
397 3336 560 3419 imprimis
573 3335 701 3399 Dianae
724 3335 799 3399 ideo
823 3336 1011 3399 immolatas
1035 3353 1109 3398 esse
1133 3337 1271 3414 constat,
1296 3331 1384 3413 quod
1407 3329 1469 3394 dea

296 3443 370 3525 ipsa
402 3440 443 3503 ad
474 3441 663 3525 puellarum
697 3446 730 3505 et
761 3441 939 3504 mulierum
971 3441 1113 3504 salutem
1144 3440 1324 3523 plurimum
1355 3437 1469 3499 valere

293 3546 484 3631 putabatur.
529 3548 577 3610 At
599 3545 779 3610 Taurorum
803 3547 923 3626 cultus,
951 3547 1010 3627 qui
1030 3550 1146 3629 postea
1168 3564 1244 3608 cum
1268 3542 1469 3606 Graecorum

298 3654 340 3717 de
352 3649 528 3736 Iphigenia
539 3652 662 3717 fabuIIs
675 3653 831 3717 confusus
845 3656 897 3716 est
911 3653 1010 3736 plane
1027 3653 1127 3715 aliam
1143 3650 1282 3715 exhibet
1295 3649 1469 3712 rationem.

297 3758 415 3840 Neque
450 3760 539 3822 enim
573 3761 609 3822 in
643 3759 703 3822 illa
736 3757 877 3821 Taurica
912 3757 1117 3822 Chersoneso
1154 3757 1287 3841 puellae
1322 3754 1471 3817 numinis

297 3864 413 3949 piandi
440 3883 539 3927 eausa
562 3865 662 3927 certis
692 3863 890 3946 quibusdam
917 3863 1035 3926 diebus
1063 3862 1158 3926 festis
1188 3861 1469 3939 sacrificabantur,

300 3970 359 4035 sed
383 3972 411 4034 si
435 3972 492 4052 qui
514 3971 682 4053 peregrini
706 3969 747 4033 ad
770 3988 862 4033 oram
885 3969 1099 4052 appulissent,
1125 3987 1181 4032 eos
1204 3966 1369 4030 trucidare
1393 3983 1469 4029 con·

375 4249 396 4317 ¹)
416 4251 460 4306 lta
477 4251 729 4306 Schoemannna
746 4249 844 4318 Antiq.
863 4248 909 4305 Gr.
928 4249 962 4314 II,
981 4266 1008 4319 p.
1028 4247 1091 4304 466.

375 4336 396 4405 ²)
416 4338 489 4393 Plut.
509 4338 641 4394 Themiat.
659 4355 683 4393 c.
701 4339 744 4392 22.
780 4338 916 4410 Porphyr.
935 4339 970 4393 de
988 4337 1090 4393 obstin·
1108 4337 1134 4402 2,
1152 4337 1195 4392 54.

376 4424 397 4494 ⁸)
416 4426 529 4497 Optime
552 4428 587 4481 de
610 4427 663 4482 hac
683 4442 714 4481 re
736 4427 866 4483 disseruit
890 4427 1017 4497 Koechly
1042 4426 1073 4481 in
1095 4424 1212 4495 praalai-
1236 4424 1272 4478 ad
1295 4423 1390 4494 Enrip.
1411 4422 1473 4494 Iph.

303 4515 383 4569 Taur.
401 4533 429 4584 p.
448 4515 544 4570 6-23.
