3367 5192
846 356 889 419 82

368 565 449 628 Alio
472 564 616 650 deniqne
640 565 779 629 consilio
803 582 903 628 canes
925 547 1239 629 deae'addebantur
1259 565 1296 626 in
1318 563 1453 627 simula·

283 670 359 753 cris,
384 687 459 733 cum
478 673 609 734 tantum
630 668 759 735 Dianae
780 670 946 734 senatrici
968 670 1195 748 convenirent,
1224 687 1324 751 quam
1347 668 1454 732 adbrm

156 861 158 866 ,
281 773 427 839 nondum
455 775 705 858 explicavimus.
757 773 865 840 Oanos
888 773 988 857 enim,
1016 775 1141 858 quippe
1168 774 1227 855 qui
1254 773 1454 838 venantibus

281 898 409 944 summo
438 881 516 944 usui
545 881 621 962 sint,
649 897 791 962 cumque
817 879 953 943 venatio
980 880 1017 942 in
1044 878 1172 942 Dianae
1202 878 1370 962 praesidio
1400 880 1454 961 sit,

282 985 384 1050 etiam
406 985 489 1049 deae
504 986 592 1049 sacri
606 984 825 1067 habebantur,
848 984 1018 1049 rarissimo
1033 987 1146 1048 autem
1160 980 1456 1063 immolabantur1).

371 1087 633 1172 Schliemannus,
663 1092 719 1154 cui
748 1093 884 1173 propter
912 1090 1148 1154 excusationes
1169 1088 1457 1172 praeclarissimas

282 1197 463 1260 maximam
497 1194 658 1259 debemus
692 1196 844 1278 gratiam,
881 1192 1098 1275 Mycenarum
1135 1195 1172 1257 in
1208 1195 1316 1261 ruinis
1349 1213 1457 1278 nuper

283 1317 430 1386 gemmas
454 1301 701 1381 antiquissimas
729 1302 868 1382 invenit,
901 1301 938 1362 in
968 1299 1089 1382 quibus
1117 1298 1227 1364 bestia
1253 1300 1346 1383 pullo
1372 1299 1458 1364 uber

282 1405 446 1489 praebens
476 1407 585 1488 capite
615 1405 777 1478 reclinato
806 1405 935 1469 caelata
967 1409 1019 1468 eat
1041 1405 1114 1468 sire
1137 1404 1197 1470 bos
1221 1405 1293 1470 sive
1316 1400 1456 1488 cerra‘).

284 1507 377 1586 Quae
410 1509 537 1591 figurae
570 1527 646 1572 cum
684 1513 775 1573 certe
808 1508 1028 1589 symbolicam
1057 1510 1228 1574 notionem
1255 1511 1456 1593 contineant,

284 1614 367 1678 deae
399 1614 561 1678 naturalis
593 1617 627 1676 et
661 1614 818 1696 genitalis
852 1616 948 1698 signa
984 1613 1143 1679 ridentur
1179 1632 1268 1696 ease,
1307 1614 1459 1680 eiusdem

285 1718 378 1798 deae,
413 1720 507 1784 cuius
542 1716 729 1799 symbolum
762 1723 878 1802 portae
911 1719 1137 1809 Mycenarum.
1165 1721 1360 1803 impositum
1398 1725 1459 1801 eet,

287 1825 382 1888 cuius
416 1823 499 1888 deae
530 1823 745 1906 principalis·
759 1828 878 1888 natura
903 1829 1014 1889 torrae
1043 1826 1196 1888 nutriens
1222 1826 1275 1888 ris
1306 1825 1460 1890 habenda

288 1938 349 2012 est,
373 1947 524 2011 quaeque
547 1928 609 1992 dea
630 1929 794 2012 imprimis
816 1929 1000 1994 bestiarum
1021 1931 1161 1994 tutelam
1183 1929 1328 2014 gerebat
1373 1929 1461 1994 Sane

287 2035 412 2117 optime
434 2034 558 2099 talibus
580 2033 695 2117 figuris
719 2034 782 2099 dea
807 2035 992 2115 symbolice
1017 2035 1338 2119 repraesentabatur,
1366 2037 1460 2100 ouius

289 2139 433 2204 cultores
458 2142 491 2202 et
505 2139 669 2222 pascendo
694 2142 729 2202 ot
743 2139 895 2204 venando
910 2141 1038 2204 victum
1051 2141 1232 2223 praecipue
1248 2140 1461 2222 quaerebant.

288 2241 394 2308 Multo
416 2245 527 2307 minus
548 2247 661 2326 aptum
676 2243 899 2326 decorumque
915 2249 996 2325 erat,
1018 2246 1050 2308 si
1064 2244 1147 2309 deae
1162 2246 1268 2329 ipsius
1283 2246 1462 2309 simulacra

287 2349 403 2413 multis
434 2349 586 2412 mammis
617 2350 780 2413 instructa
810 2348 1036 2433 fingebantur,
1069 2349 1189 2430 quibus
1221 2350 1319 2414 deam
1350 2350 1463 2414 omnia

288 2455 493 2518 nutrientem
514 2453 751 2536 significarent.
797 2451 922 2518 Tamen
949 2457 983 2517 et
1009 2454 1199 2518 huiusmodi
1226 2457 1323 2538 signa
1346 2458 1464 2520 extant

288 2559 454 2641 imprimis
481 2557 649 2642 Ephesiae
676 2557 819 2640 Dianae,
848 2560 885 2621 in
912 2559 1033 2640 quibus
1059 2560 1294 2643 polymartiam
1319 2561 1463 2626 fontium

289 2664 478 2745 symbolum
501 2682 575 2728 ease
598 2663 741 2727 Gublius
764 2663 897 2747 OEphes.
920 2684 952 2748 p.
975 2664 1030 2746 82)
1055 2665 1236 2747 contendit,
1269 2666 1357 2748 qnod
1380 2684 1464 2730 com·

288 2769 430 2852 probare
457 2787 524 2833 non
549 2787 698 2852 possum,
728 2788 805 2834 oum
832 2770 971 2834 minime
997 2769 1042 2833 ad
1064 2789 1185 2853 aquam
1207 2771 1313 2835 solam
1334 2769 1464 2835 Dianae

289 2874 484 2958 principalis
510 2878 629 2937 natura
655 2873 832 2940 referenda
861 2877 919 2955 sit,
955 2875 1016 2940 sed
1042 2875 1085 2939 ad
1111 2877 1259 2940 omnium
1287 2894 1401 2941 rerum
1429 2881 1465 2940 et

290 2969 490 3043 animalium
506 2981 771 3062 generationem:
798 2980 834 3042 id
861 2979 997 3062 qnidam
1025 2980 1088 3044 hoc
1112 2983 1221 3064 capite
1243 2982 1285 3046 ab
1309 2981 1462 3046 omnibus

290 3083 441 3166 partibus
464 3085 545 3147 satis
567 3084 807 3148 mihividetur
830 3085 1037 3168 explicatum
1060 3104 1144 3150 esse.

774 3413 987 3517 capuan.
1115 3472 1119 3478 ·
1236 3436 1239 3441 ’

517 3583 562 3656 Da
583 3584 705 3657 naua
726 3586 905 3675 proiciere
926 3591 960 3659 et
982 3587 1097 3660 ballea
1118 3591 1248 3660 natura.

382 3729 504 3794 Terrae
527 3731 713 3795 immanens
735 3733 801 3813 vis,
831 3751 898 3813 qua
918 3730 1047 3796 Dianae
1073 3733 1293 3816 principalem
1314 3734 1467 3795 naturam

295 3836 459 3900 contineri
474 3835 631 3917 diximus,
653 3855 721 3900 non
744 3835 852 3900 solum
874 3838 1018 3921 propitia
1041 3841 1075 3901 et
1097 3837 1261 3903 benevola
1284 3839 1343 3918 est,
1367 3853 1467 3917 quam

295 3941 403 4005 adhuc
432 3941 683 4025 descripsimus,
718 3941 778 4006 sed
813 3943 915 4006 etiam
946 3942 1070 4008 infesta
1104 3947 1139 4006 et
1170 3942 1359 4025 perniciosa
1392 3957 1467 4004 esse

291 4051 415 4130 potest,
455 4046 497 4110 ad
541 4064 640 4128 quam
683 4046 937 4111 describendam
977 4066 1068 4111 nunc
1110 4046 1309 4112 accedimus.
1370 4043 1465 4109 Duae

296 4156 408 4215 autem
435 4153 599 4235 imprimis
629 4153 779 4216 existunt
800 4153 1006 4237 provinciae,
1039 4170 1124 4236 qnae
1153 4153 1216 4217 bac
1243 4151 1326 4217 deae
1348 4155 1468 4215 natura

370 4375 391 4446 ¹)
410 4375 445 4431 cf.
463 4375 632 4442 Weloker,
651 4377 748 4435 Theol.
767 4375 815 4433 Gr.
831 4377 854 4445 Ι,
873 4396 901 4448 p.
920 4377 981 4434 562.

369 4460 391 4530 ²)
411 4463 445 4517 cf.
463 4462 695 4531 Sohliemann‚
714 4465 864 4534 Mykenae,
881 4467 929 4536 fig.
947 4483 975 4523 n.
996 4466 1046 4522 175
1064 4468 1093 4522 et
1111 4466 1171 4522 315.
