3367 5192
857 367 900 429 56

294 580 374 658 stat,
397 594 506 657 neque
529 595 550 640 a
572 573 706 640 Semitis
731 574 940 640 aedificatam
963 594 1038 640 ease
1061 572 1217 658 equidem
1237 575 1465 658 indicaverim,

294 682 345 746 id·
359 681 446 764 quod
475 681 618 762 (lartius,
650 681 778 768 quide
806 681 875 746 alto
903 684 989 746 mari
1020 682 1146 764 primos
1175 681 1303 745 incolas
1331 682 1466 746 venisse

293 786 472 870 contendit,
501 788 646 869 cogitare
673 786 814 850 videtur.
871 785 938 852 Sed
964 787 1150 851 Phoenices
1186 787 1288 850 aliive
1318 784 1465 850 Semitae

292 911 334 958 eo
355 911 422 956 non
445 894 659 975 appulissent,
682 893 749 956 nisi
771 892 948 982 hominnm
965 893 1155 974 frequentia
1176 894 1244 960 iam
1266 892 1316 956 ibi
1335 892 1464 974 miscet,

293 998 492 1080 quibuscum
521 999 757 1064 commercium
786 1004 933 1082 agerent.
977 998 1096 1081 Itaque
1123 999 1166 1064 ab
1188 997 1466 1081 Indegermanica

294 1104 435 1186 quadam
465 1107 565 1188 geute
592 1103 733 1168 fortasse
756 1103 924 1188 Phrygiae
947 1104 1113 1168 conditam
1134 1103 1253 1167 urbem
1276 1122 1359 1186 esse,
1387 1103 1466 1166 inde

181 1221 185 1227 “
293 1211 451 1293 colligere
468 1209 581 1290 audeo,
605 1209 691 1290 quod
705 1228 828 1274 nomen
844 1210 1112 1292 antiquissimum
1125 1209 1221 1273 urbis
1235 1206 1464 1290 Smyrnae¹l

295 1316 337 1379 ad
351 1314 660 1398 Indegermanicam
675 1315 824 1398 linguam
839 1316 989 1378 revocari
1003 1316 1137 1398 potest.¹
1167 1311 1339 1389 Quodcnm
1355 1312 1465 1393 Smyr·

292 1440 356 1484 nae
379 1421 522 1484 nominis
546 1421 711 1501 antiquior
733 1420 839 1484 forma
861 1419 1021 1484 Samorna
1049 1419 1145 1484 nobis
1168 1419 1290 1484 tradita
1312 1421 1365 1502 sit,
1393 1420 1467 1482 vul·

293 1545 406 1608 garam
433 1526 526 1589 illius
555 1520 803 1608 etymologiam,
836 1543 922 1606 qnae
955 1543 977 1587 a
1009 1526 1219 1604 myrrhamm
1252 1522 1465 1588 multitudine

293 1625 454 1711 Σμύρνην
476 1631 600 1695 dietam
623 1649 697 1694 esse
720 1632 847 1712 statuit,
880 1631 1094 1714 comprobare
1116 1650 1183 1708 non
1205 1649 1348 1714 possum.
1393 1629 1466 1694 Iam

295 1732 574 1815 Gutschmidius2)
611 1736 670 1799 illo
709 1740 819 1819 etymo
857 1737 982 1801 reiecto
1019 1737 1197 1801 barbarum
1234 1755 1355 1801 nomen
1389 1755 1463 1800 esse

295 1842 433 1904 eensnnit.
484 1838 689 1924 Quamquam
723 1843 827 1926 igitur
860 1862 929 1905 non
962 1861 981 1906 e
1010 1841 1137 1907 Graeco
1171 1861 1324 1907 sermone
1357 1846 1467 1906 ortum

295 1964 369 2010 esse
393 1947 478 2010 illud
501 1949 685 2028 statuimus,
712 1951 826 2011 tamen
851 1967 895 2011 ex
916 1949 1020 2012 Arica
1042 1949 1158 2031 lingua
1180 1949 1367 2012 derivatum
1390 1967 1464 2012 esse

295 2052 433 2116 concedi
466 2057 590 2135 potest,
635 2053 695 2117 ubi
723 2045 950 2134 ‘samarana’³)
984 2073 1052 2118 vox
1086 2057 1179 2118 extat
1214 2055 1395 2137 composita
1422 2072 1467 2116 ex

293 2157 449 2222 adverbio
477 2177 549 2222 sam
579 2181 621 2216 =
649 2179 724 2223 cum
752 2164 787 2223 et
814 2159 883 2222 rod.
912 2179 950 2222 ar
972 2181 1014 2216 τ..-
1035 2153 1100 2241 iq,
1127 2160 1149 2222 i
1174 2179 1200 2224 e.
1229 2161 1279 2223 ire
1310 2160 1366 2223 vel
1389 2177 1465 2222 cun-

294 2259 429 2344 sequi4).
481 2263 667 2346 samareus,
696 2265 782 2348 quod
811 2267 914 2330 Arica
948 2266 1112 2349 proelium
1139 2266 1196 2330 vel
1223 2284 1334 2348 pugna
1362 2264 1464 2345 audit,

294 2371 427 2454 proprio
456 2389 651 2434 concursum
681 2373 747 2435 vel.
765 2375 967 2434 conventum
993 2370 1205 2454 significabat
1228 2374 1262 2434 et
1284 2373 1465 2434 conventus

296 2477 405 2540 locum
429 2477 578 2542 indicare
601 2478 636 2540 id
659 2480 807 2564 potuisse
831 2479 981 2559 eoniieio,
1012 2478 1110 2559 quale
1137 2495 1260 2540 nemen
1281 2476 1358 2540 urbi
1381 2476 1466 2539 anti·

295 2583 473 2662 quissimae
503 2587 678 2666 peraptum
707 2588 767 2648 est.
812 2583 909 2647 Idem
937 2601 1067 2664 nomeu,
1098 2601 1163 2664 quo
1190 2586 1364 2666 praeterea
1384 2581 1466 2645 urbs

291 2688 465 2751 notissima
481 2690 522 2751 ad
537 2687 689 2771 Sipylum
704 2691 769 2753 sita
783 2689 1026 2771 nominabatur,
1049 2688 1113 2752 hac
1127 2688 1262 2770 quidem
1277 2689 1313 2750 in
1328 2687 1465 2769 regione

293 2809 425 2876 semper
453 2794 674 2877 retinebatur,
703 2814 779 2859 cum
807 2795 849 2858 de
876 2796 936 2858 illa
962 2794 1046 2859 urbe
1073 2795 1174 2878 vulgo
1196 2794 1323 2877 Ephesi
1345 2812 1467 2856 nomen

291 2901 407 2978 postea
430 2903 654 2981 usurparetur.

384 3002 428 3065 Et
457 3004 520 3067 hoc
552 3004 687 3085 quidem
708 3022 829 3067 nomen
853 3008 929 3068 ante
953 3004 1156 3069 Graecorum
1178 3004 1357 3069 adventum
1381 3006 1467 3067 exti-

293 3107 376 3170 tisse
409 3111 610 3192 putaverim,
646 3128 722 3174 cum
758 3129 776 3174 e
811 3109 941 3174 Graeca
973 3112 1089 3194 lingna
1120 3110 1157 3173 id
1189 3110 1335 3173 derivari
1367 3127 1466 3192 posse

293 3230 422 3294 negem.
468 3210 612 3295 Guhlii⁵l
643 3217 731 3280 enim
759 3218 935 3297 sententia,
964 3218 1022 3298 qui
1051 3217 1170 3280 urbem
1198 3215 1324 3280 adore
1339 3233 1466 3298 ‘cogno—

230 3354 233 3358 ·
290 3318 386 3382 mine
410 3311 548 3400 ’Eparia
578 3323 599 3385 i.
632 3341 662 3387 e.
689 3313 848 3387 ‘iaciente
877 3316 976 3404 (dea)’
1011 3321 1134 3386 dictam
1168 3340 1243 3386 esse
1276 3323 1464 3404 arbitratum,

292 3423 393 3506 plane
420 3443 577 3508 perversa
607 3430 667 3492 est.
714 3427 797 3493 Cum
827 3447 907 3493 vero
930 3425 1041 3509 Lydos
1058 3432 1099 3492 et
1120 3426 1323 3509 Babylonios
1345 3428 1382 3490 in
1404 3427 1465 3490 has

291 3530 447 3612 regiones
468 3550 659 3615 progressos
683 3553 757 3598 esse
780 3537 934 3617 sciamus,
966 3551 1033 3598 non
1054 3535 1205 3617 ineptum
1227 3534 1311 3597 mibi
1332 3531 1466 3598 videtur

367 3791 388 3860 ¹)
408 3794 501 3866 Stepb.
517 3794 581 3863 Byz-
600 3813 621 3850 s.
639 3813 665 3850 v.
700 3790 821 3864 Hesycb.
839 3813 861 3851 s.
877 3813 903 3852 v.
932 3787 1062 3862 Ἀρτεμις.
1081 3793 1205 3850 Gallinas
1221 3793 1355 3865 Ephesios
1371 3792 1465 3862 Smyr·

293 3896 376 3936 nasos
394 3882 557 3951 appellarit.
593 3881 692 3951 Neque
710 3882 785 3937 enim
805 3883 984 3952 comprobem
1002 3881 1142 3948 Gabbam,
1162 3882 1210 3950 qni
1223 3881 1386 3937 Samornam
1402 3881 1422 3936 i.
1441 3897 1465 3937 e.

275 3967 439 4036 'Smyrnam
464 3985 485 4023 a·
503 3968 603 4024 Samiis
625 3985 729 4026 nemen
753 3971 863 4025 duxisse
887 3969 1040 4026 muniit.
1079 3969 1129 4025 Sin
1150 3969 1268 4038 Smyrna
1290 3968 1367 4024 ricus
1388 3969 1465 4024 urbia
1560 3969 1563 3975 '

291 4057 463 4123 nominatur,
486 4056 680 4125 antiquissima
703 4075 768 4128 pare
792 4059 904 4115 videtur
923 4074 1027 4114 nomen
1049 4073 1233 4114 conservasse.
1273 4056 1373 4122 (lubi,
1395 4073 1424 4126 p.
1448 4059 1465 4111 ‘l

289 4145 320 4198 et
332 4145 375 4199 31.
399 4137 549 4214 ‘Smyrnae’
562 4146 763 4215 etymologiam
775 4163 877 4202 noram
889 4147 1034 4217 proposuit
1045 4145 1230 4202 Goebaliua
1242 4145 1308 4202 Lex.
1318 4145 1353 4215 H,
1366 4162 1393 4214 p.
1404 4143 1465 4200 249.

363 4231 385 4299 ²)
405 4227 536 4302 eubano
553 4224 602 4290 aur
618 4231 785 4290 Geacbiobte
803 4235 852 4290 der
868 4235 948 4290 alten
965 4234 1083 4300 Orienb,
1102 4251 1131 4304 p.
1151 4233 1210 4290 128.

364 4318 386 4387 ⁸)
405 4320 501 4387 uiok,
522 4320 707 4378 Wbrterbnch
726 4323 775 4377 der
791 4323 889 4392 iadog.
905 4323 975 4392 Spa,
994 4323 1015 4389 l,
1032 4340 1063 4393 p.
1079 4321 1143 4378 320.
1165 4319 1168 4324 ’

363 4407 385 4476 ⁴)
404 4410 475 4468 [bid.
493 4408 515 4475 l,
533 4427 561 4478 p.
582 4409 624 4465 13.

362 4493 628 4567 osupum
