3367 5192
855 330 898 392 50

292 558 359 606 nou
383 558 466 620 esse,
488 536 603 605 Noctis
626 559 705 604 vero
729 541 877 624 speoIem
900 540 1078 622 aliquoties
1100 558 1180 623 prae
1203 557 1240 603 se
1263 539 1351 603 ferre
1366 539 1462 603 lunu-

292 647 435 728 lamque,
468 665 566 728 quam
590 646 631 710 ad
654 648 749 730 signa
773 644 919 710 additam
940 645 1122 727 videamus,
1144 646 1252 709 noctis
1275 642 1462 725 symbolum

294 771 377 818 esee.

763 940 888 1044 eaput
915 941 994 1028 vll.

666 1095 711 1168 Da
733 1095 855 1169 Dianae
877 1096 912 1168 ri
933 1097 1089 1169 naturali.

386 1226 580 1292 Summatim
593 1244 668 1288 oum
679 1225 747 1287 iam
764 1243 863 1308 supra
873 1225 914 1288 de
927 1224 1054 1290 DIanae
1069 1226 1214 1290 naturali
1224 1227 1261 1288 ri
1271 1225 1465 1301 dixerimus,

294 1337 357 1398 hoc
386 1335 505 1417 capItis
529 1332 625 1395 mido
651 1329 782 1394 Cereris
806 1334 840 1393 et
861 1331 1003 1395 Veneris
1037 1332 1078 1395 ad
1101 1332 1244 1396 Dianam
1269 1332 1466 1395 relationem

296 1440 522 1520 tractabimus,
558 1438 680 1520 quippe
714 1454 798 1517 quae
827 1437 968 1500 eandem
1000 1438 1072 1502 fere
1099 1439 1244 1502 indolem
1271 1457 1310 1501 ac
1339 1433 1467 1500 Dianae

295 1545 458 1610 naturaIIe
482 1543 564 1606 deae
587 1561 712 1605 numen
735 1542 897 1606 exhibere
920 1543 1104 1608 videantur.

388 1650 488 1715 Ceres
498 1647 522 1730 ¹)
558 1647 706 1731 quidem,
737 1665 821 1730 quae
857 1651 988 1732 priscae
1016 1649 1137 1714 Terrae
1165 1648 1281 1715 Matris
1316 1649 1468 1712 habitum

297 1777 376 1842 prae
404 1775 441 1820 se
469 1755 543 1836 fert,
577 1752 704 1819 Dianae
740 1759 774 1819 et
808 1757 920 1839 specie
956 1760 990 1820 et
1025 1758 1116 1821 cultu
1151 1760 1185 1821 et
1218 1754 1469 1839 cognominibus

298 1863 469 1927 simillima
492 1865 551 1924 eet.
597 1860 739 1943 Utrique
768 1860 849 1925 deae
877 1862 1007 1926 faculae
1037 1865 1073 1927 In
1100 1863 1205 1946 sigule
1234 1861 1467 1942 attribuuntur,

298 1989 394 2033 sacra
415 1972 576 2031 nocturna
598 1967 692 2042 fiunt,
717 1985 901 2051 cognomen
923 1962 1144 2048 κουροτρόρος
1159 1968 1358 2031 attribuitur.
1404 1966 1469 2030 De-

299 2075 377 2140 inde
406 2076 442 2136 in
470 2073 562 2136 cultu
590 2072 676 2156 apud
703 2072 854 2137 Arcades
885 2075 1080 2137 coniunctae
1111 2069 1250 2157 erant¹),
1277 2074 1333 2138 vel
1363 2073 1470 2137 Diana

300 2180 430 2245 Cereris
453 2180 558 2262 ipsius
581 2178 652 2242 filia
674 2179 715 2242 ab
740 2179 911 2259 Aeschylo
924 2175 948 2260 ³)
972 2181 1141 2243 nomInata
1164 2184 1225 2244 est.
1271 2178 1336 2244 Sed
1368 2180 1469 2242 etiam

298 2287 491 2351 discrimina
529 2285 665 2348 dearum
701 2285 847 2348 notanda
881 2289 965 2349 sunt.
1026 2285 1127 2349 (leros
1161 2283 1253 2350 Iovis
1288 2285 1471 2349 habebatur

299 2395 431 2474 camur,
457 2391 565 2455 Diana
595 2392 688 2474 vIrgo
710 2389 801 2454 Iovis
832 2391 910 2454 filia.
956 2391 1040 2455 Dum
1067 2410 1146 2455 vero
1178 2391 1218 2456 de
1248 2390 1356 2455 Diana
1385 2391 1471 2453 hano

299 2499 489 2582 opinionem
503 2498 725 2560 recentiorem
741 2515 815 2560 esse
831 2497 1051 2579 doouerImm,
1067 2498 1161 2562 illam
1171 2517 1251 2562 vero
1263 2498 1471 2580 religionem,

300 2623 384 2688 quae
407 2602 499 2667 Iovis
523 2603 697 2685 coniugem
720 2601 862 2666 Dianam
885 2602 976 2685 IacIt,
999 2603 1103 2668 multo
1118 2606 1345 2684 vetustiorem,
1369 2605 1472 2667 etiam

300 2713 336 2773 in
359 2711 422 2774 hac
445 2727 482 2772 re
506 2708 588 2772 deae
609 2712 801 2791 congruunt.
849 2708 951 2772 Ceres
976 2714 1087 2772 autem
1110 2710 1333 2792 agriculturae
1356 2711 1473 2772 inven-

300 2818 369 2879 trix
398 2819 432 2878 et
459 2815 585 2878 fautrix
613 2813 801 2897 putabatur,
831 2833 908 2877 cum
929 2814 1057 2878 Dianae
1080 2815 1283 2898 praesidium
1305 2815 1470 2898 imprimis

301 2921 343 2984 ad
380 2922 540 2984 silvarum
576 2924 809 3003 pratorumque
848 2920 1057 2984 fertilitatem
1093 2924 1287 3005 pertineret.
1342 2920 1472 2984 Deinde

302 3027 405 3090 multo
421 3026 522 3088 latius
536 3023 662 3088 Dianae
678 3044 777 3106 quam
793 3024 925 3089 Cereris
940 3026 977 3088 iu
992 3028 1185 3090 universum
1200 3031 1293 3110 patet
1313 3029 1474 3110 regimen.

306 3132 407 3195 Ceres
434 3130 660 3213 matronalem,
691 3129 798 3192 Diana
829 3132 1028 3212 virginalem
1051 3133 1201 3196 habitum
1223 3152 1304 3216 prae
1334 3152 1370 3196 se
1401 3132 1474 3196 fert.

304 3237 403 3302 Dares
437 3238 459 3299 i.
494 3255 522 3300 e.
556 3231 714 3320 Δημήτηρ
750 3233 951 3300 Graecorum
985 3239 1118 3321 propria
1150 3242 1210 3318 est,
1249 3237 1355 3302 Diana
1389 3239 1410 3301 i.
1447 3256 1474 3301 e.

299 3337 445 3422 ’Ἄρτεμις
467 3342 645 3405 multarum
667 3325 841 3405 nationum
862 3346 1055 3407 communis.
1100 3342 1219 3425 Itaque
1235 3345 1338 3408 multo
1360 3362 1475 3407 recen·

304 3449 422 3510 tIorem
452 3447 548 3510 deam
578 3446 682 3510 fuisse
708 3447 864 3510 Cererem
892 3467 991 3529 quam
1013 3448 1155 3512 Dianam
1178 3450 1373 3532 colligimus,
1398 3467 1474 3512 cum

303 3551 412 3616 Diana
435 3573 454 3616 a
477 3553 671 3617 nomadibus
696 3554 869 3632 coleretur,
895 3554 995 3618 Ceres
1023 3555 1064 3618 ab
1089 3558 1161 3638 agri
1185 3556 1368 3620 cultoribus
1391 3555 1471 3618 soIIs

306 3659 371 3722 ooli
396 3663 512 3742 coepta
535 3663 633 3725 esset.
678 3660 836 3722 Attamen
866 3660 949 3724 haec
977 3663 1114 3724 numina
1144 3681 1210 3726 non
1233 3662 1364 3725 diversa
1387 3665 1472 3740 sunt,

306 3764 364 3828 sed
404 3765 504 3828 (leros
543 3766 638 3846 quasi
676 3765 781 3828 forma
817 3764 945 3829 Dianae
982 3768 1081 3850 paulo
1112 3766 1299 3832 abalienata
1329 3770 1473 3850 apparet,

303 3869 426 3952 Rheae,
449 3871 619 3934 Asiaticae
643 3869 734 3952 deae,
759 3871 902 3934 similior
923 3891 1023 3953 quam
1044 3872 1182 3937 Dianae.

393 3975 510 4040 Altera
532 3975 653 4039 deinde
682 3976 759 4058 dea,
790 3978 826 4039 in
854 3978 948 4040 cuius
971 3980 1189 4062 provinciam,
1218 3980 1329 4042 utile
1356 3977 1474 4059 dicam,

306 4079 433 4145 Dianae
456 4082 617 4144 naturalis
640 4083 692 4144 vIs
716 4081 879 4166 procedit,
902 4082 1016 4146 Venus
1041 4088 1104 4168 est,
1129 4102 1228 4167 quam
1251 4083 1475 4166 generationis

381 4279 401 4349 ¹)
421 4282 457 4337 ci.
474 4282 618 4349 Preller,
637 4281 726 4352 Myth.
746 4281 791 4336 Gr.
810 4282 831 4351 Ι,
852 4283 903 4338 618
922 4299 981 4351 sqq.

379 4366 401 4436 ²)
419 4369 451 4424 P.
468 4370 543 4436 VIII,
562 4371 605 4436 37,
626 4371 640 4424 l
660 4374 689 4425 et
707 4373 733 4425 4.

380 4453 401 4523 ⁸)
419 4455 450 4511 P.
469 4457 544 4524 VIII,
562 4458 605 4525 37,
624 4458 649 4514 6.
