3367 5192
784 383 826 444 93

218 587 405 668 symbolum
429 593 492 671 cst,
523 590 582 654 sed
613 591 714 654 etiam
744 592 822 674 quia
854 591 935 654 deae
964 608 1059 654 sacra
1089 595 1140 654 est
1164 591 1274 654 bestia
1304 591 1390 671 eius,

218 710 303 774 quae
331 698 365 758 et
390 695 565 758 victoriam
591 695 754 779 praebere
786 714 884 780 posse
915 700 949 759 et
975 697 1122 759 manium
1149 695 1282 759 domina
1313 714 1390 759 esse

216 799 402 882 putabatur.
454 799 510 864 Sic
542 800 683 864 fortasse
714 801 899 865 Alcathous
933 803 970 864 in
1000 782 1163 864 victorIae
1193 802 1389 865 memoriam

216 905 323 968 leonis
347 905 561 969 simulacrum
585 908 765 984 constituut,
792 925 836 969 ex
860 924 924 987 quo
947 907 1020 990 ipso
1043 907 1137 988 signo
1157 905 1390 970 fabula'facile

217 1011 381 1093 originem
413 1009 535 1076 ducere
569 1013 690 1095 potuit,
735 1029 811 1075 cum
843 1012 996 1075 homines
1031 1010 1247 1091 symbolicam
1281 1010 1392 1074 leonis

157 1113 162 1122 '
216 1117 386 1180 notionem
412 1135 479 1179 non
507 1117 575 1180 iam
601 1117 846 1200 intellegerent.
892 1115 1054 1180 Similiter
1081 1117 1183 1179 etiam
1204 1117 1392 1199 posteriore

217 1223 326 1284 aetate
349 1222 579 1286 Aristodemus
602 1220 958 1306 Megalopolitanorum
980 1240 1043 1286 rex
1061 1219 1189 1285 Dianae
1204 1221 1393 1303 Agroterae

217 1324 556 1409 fanumeonstituit1),
579 1327 740 1392 videlicet
761 1333 800 1392 ut
815 1328 898 1392 deae
919 1328 1043 1409 gratias
1061 1331 1196 1409 propter
1210 1327 1389 1408 imperium

219 1436 414 1514 occupatum
438 1436 561 1514 ageret.
606 1430 759 1514 Denique
782 1431 925 1495 Dianam
947 1433 1056 1515 ipsam
1078 1431 1225 1497 foederis
1247 1431 1389 1494 Achaici

217 1533 321 1599 fuisse
343 1536 504 1600 belli0um
524 1537 667 1601 tntelare
690 1523 815 1602 numen
839 1538 874 1602 O.
898 1538 940 1600 de
962 1536 1116 1602 Pauclrer
1135 1532 1330 1620 probavit2),
1352 1535 1391 1605 id

218 1640 304 1721 quod
328 1661 403 1706 esse
425 1662 493 1707 non
513 1645 631 1726 potuit,
655 1645 722 1707 nisi
745 1644 808 1707 dea
829 1645 897 1706 iam
919 1662 979 1727 per
1001 1662 1038 1708 se
1050 1643 1216 1706 bellicam
1234 1645 1389 1704 naturam-

218 1746 436 1812 exhibuisset.

305 1835 398 1916 Nihil
432 1857 544 1918 autem
578 1858 692 1918 contra
732 1843 819 1917 hano
853 1852 982 1917 Dianae
1015 1854 1199 1936 Agroterae
1232 1851 1392 1916 bellicam
1461 1859 1465 1864 ’

216 1956 363 2022 indolem
385 1963 503 2042 poetae
526 1960 639 2022 valere
663 1963 811 2043 possunt,
836 1959 866 2022 si
889 1959 992 2022 etiam
1007 1959 1090 2023 alias
1105 1956 1233 2022 Dianae
1247 1959 1395 2020 virtutes

217 2063 445 2128 describentes
473 2065 535 2127 hoc
562 2065 758 2146 cognomine
786 2059 969 2143 utantur³)',
1006 2083 1083 2143 cum
1108 2065 1182 2146 ipsa
1210 2063 1387 2126 verborum

218 2173 252 2232 ct
273 2171 444 2233 nominum
467 2167 733 2250 frequentatione
755 2169 888 2252 poetica
910 2169 983 2232 laus
1007 2170 1225 2232 contineatur.

305 2273 435 2339 Deinde
457 2279 570 2337 nostra
593 2273 756 2338 bellicosa
779 2274 842 2337 dea
865 2273 966 2337 etiam
986 2272 1220 2355 Hegemone
1244 2272 1389 2354 appella-

216 2381 322 2460 batur,
347 2380 434 2462 quod
455 2381 528 2464 ipso
551 2380 689 2442 numine
713 2379 797 2442 duce
822 2375 941 2442 Graeci
963 2396 999 2442 se
1024 2377 1258 2460 expeditiones
1275 2377 1387 2440 facere

218 2486 415 2570 cogitabant.
452 2485 554 2549 Cuius
578 2485 784 2566 cognominis
804 2501 997 2566 perversam
1017 2483 1110 2546 dedit
1130 2483 1388 2566 explicationem

219 2588 401 2672 Stollius4),
430 2592 487 2672 qui
510 2590 551 2654 de
573 2593 758 2672 nuptarum.
779 2588 1049 2652 deducendarum
1071 2587 1181 2651 officio
1204 2587 1394 2656 derivatum

215 2697 301 2760 illud
325 2714 399 2760 esse
423 2699 546 2760 censet.
589 2691 660 2758 Nec
681 2689 855 2784 Prelleri⁵)
883 2693 1059 2777 comprobo
1083 2693 1284 2775 opinionem,
1313 2711 1389 2756 cum

217 2800 435 2884 Hegemonen
457 2800 554 2864 deam
577 2803 713 2864 censeat
736 2818 819 2880 esse,
844 2817 932 2880 quae
951 2800 990 2862 in
1010 2797 1204 2866 difficilibus
1224 2797 1389 2880 periculo·

218 2908 330 2987 sisque
353 2905 530 2970 itineribus
552 2910 728 2969 venatores
753 2905 859 2968 ducat.
897 2903 974 2968 Mea
997 2904 1131 2986 quidem
1146 2904 1311 2966 sententia
1326 2902 1393 2968 dea

217 3010 415 3093 Hegemone
440 3029 480 3072 ea
503 3013 563 3092 est,
588 3028 674 3091 quae
696 3012 733 3073 in
755 3028 903 3093 pugnam
924 3008 1142 3093 procedentes
1164 3008 1256 3072 ducit
1269 3007 1325 3070 vel
1349 3007 1395 3069 ad

220 3116 383 3179 coloniam
405 3114 633 3179 deducendam
656 3114 906 3198 proficiscentes
927 3109 1079 3194 metmss).
1116 3112 1267 3194 Namque
1291 3114 1392 3176 etiam

217 3218 405 3284 Mercurius
424 3219 660 3304 Hegemonius,
684 3221 738 3284 cui
753 3221 897 3285 Athenis
921 3239 941 3282 a
962 3219 1176 3302 praetoribus
1195 3216 1397 3300 (στρατηγοι),

201 3344 314 3389 sacra
336 3324 471 3408 fiebant,
493 3344 559 3388 nen
581 3327 729 3388 manium
753 3326 822 3389 dux
845 3330 881 3389 et
901 3330 1011 3410 custos
1028 3329 1088 3405 est,
1112 3324 1171 3388 sed
1186 3324 1256 3387 dux
1269 3315 1390 3401 bellil).

217 3428 336 3512 Itaque
363 3429 607 3514 comprobatur,
640 3431 727 3512 quod
754 3433 790 3496 in
817 3430 965 3494 facinore
988 3431 1077 3495 omni
1099 3427 1208 3496 Diana
1229 3428 1392 3492 auxilium

220 3535 308 3599 ferre
332 3537 446 3619 possit,
468 3535 688 3618 Hegemonen
710 3535 807 3600 deam
824 3554 898 3600 esse
915 3535 1047 3601 dictam.
1085 3533 1140 3598 Sic
1155 3532 1398 3615 intellegimus,

219 3659 278 3704 cur
298 3637 502 3724 Chronius),
526 3659 600 3704 cum
617 3638 912 3706 Orchomeniorum
926 3645 1105 3722 tyrannum
1118 3637 1398 3707 Aristomelidam¹

295 3883 316 3953 1)
334 3884 365 3941 P.
384 3883 460 3950 VIII,
479 3883 522 3949 32,
540 3883 566 3936 4.

292 3969 499 4041 ποιήσιος.
516 3970 604 4040 marg.
624 3967 703 4036 reso,
719 3988 748 4040 p.
767 3969 815 4034 ra,
828 3952 887 4026 n'oa
906 3969 948 4026 aa.
992 3979 995 3984 ·

292 4056 314 4126 ’l
333 4059 413 4115 Pind.
431 4059 516 4129 Pyth·
533 4057 583 4126 IX,
601 4056 644 4125 10,
679 4056 821 4127 Aristoph.
841 4057 951 4114 Tbesm.
969 4075 996 4113 r.
1015 4055 1075 4125 145,
1094 4055 1192 4124 Iaysist
1210 4072 1237 4109 r.
1252 4051 1338 4116 1262..

292 4145 314 4214 ⁴)
332 4146 453 4216 Pauly,
472 4145 622 4201 Rem-Huc.
642 4143 780 4211 1,2‚col.
800 4143 879 4200 1c95.
1285 4170 1288 4177 ¹

292 4231 314 4302 ¹⁵)
333 4235 422 4304 Myth.
443 4233 489 4290 Gr.
507 4234 529 4300 I,
548 4251 576 4303 p.
595 4231 657 4287 243.

292 4318 313 4389 ο)
332 4321 366 4376 cf.
385 4320 495 4377 callim.
513 4320 615 4389 Hymn.
634 4319 686 4388 111,
701 4338 729 4376 r.
748 4320 810 4377 226.

293 4407 315 4475 ⁷)
335 4409 370 4464 ef.
387 4409 416 4464 0.
435 4409 465 4465 1⁴⁸.
484 4407 670 4474 Hermann,
686 4407 784 4476 Antia.
803 4406 850 4463 Gr.
869 4407 904 4474 II,
923 4407 1030 4482 plac,
1048 4407 1153 4467 noae,

293 4495 315 4566 ⁸)
333 4496 364 4551 P.
382 4495 459 4563 VIII,
477 4496 520 4563 47,
539 4496 564 4553 6.
