3367 5192
799 369 841 432 43

236 579 325 640 enim
343 575 582 660 Katttomst),
607 579 693 660 quod
708 579 836 643 Dianae
860 579 946 663 apud
968 579 1116 643 Arcades
1140 582 1219 659 erat,
1243 579 1284 642 ad
1306 580 1407 643 lunae

236 685 444 746 maiestatem
479 688 629 766 spectare
662 682 801 748 ridetur.
863 683 1000 749 Sincera
1034 686 1123 748 enim
1157 690 1191 748 et
1223 685 1403 765 tranquilla

236 790 335 853 lunae
358 789 488 871 species
510 788 754 872 pulcherrimae
782 789 926 854 feminae
950 794 1160 854 venustatem
1189 791 1405 873 aequiparare

143 965 144 968 ρ
236 895 382 973 videtur,
414 913 514 975 quare
541 894 650 958 lunari
678 895 760 960 deae
790 897 955 978 imprimis
982 897 1052 960 tale
1081 915 1264 978 cognomen
1291 900 1404 978 aptum

237 1005 297 1064 est.
341 999 491 1082 Namque
516 1005 616 1063 etiam
640 1019 659 1062 a
682 1003 789 1084 poetis
811 1001 920 1065 Diana
942 1001 1134 1083 frequenter
1156 994 1237 1082 καλή
1258 1003 1404 1085 appella-

237 1112 299 1187 tur,
330 1107 423 1170 volut
450 1106 490 1169 ah
523 1107 693 1187 Aeschylo
720 1107 849 1190 (Agam.
876 1106 961 1187 140),
989 1108 1030 1171 ab
1058 1108 1282 1191 Aristophane
1311 1108 1405 1189 (Ran.

239 1214 338 1276 1359:
365 1207 508 1292 ’Ἄρτεμις
529 1205 636 1294 καλά),
668 1213 708 1276 ab
736 1212 897 1296 Euripide
925 1213 1070 1296 (Hippol.
1099 1214 1143 1276 64
1162 1231 1246 1294 sqq.:
1276 1200 1408 1291 ὦκόρα

237 1317 367 1388 Λατοῦς
379 1310 511 1395 ’Ἄρτεμι
530 1312 586 1377 καὶ
607 1309 687 1390 Διὸς
712 1320 865 1382 καλλίστα
889 1312 974 1380 πολὺ
996 1312 1190 1400 παρθένων).
1239 1320 1346 1400 Atqui
1377 1319 1407 1381 si

237 1421 394 1485 taIImodo
416 1420 525 1485 Diana
554 1417 634 1502 καλή
662 1425 860 1506 nominatur,
892 1424 934 1487 ad
958 1423 1072 1486 lunam
1093 1425 1211 1488 relatio
1234 1424 1406 1489 difficilius

239 1527 446 1610 agnoscenda
475 1533 539 1592 est:
572 1529 608 1590 In
630 1528 689 1593 illa
712 1549 790 1593 vero
816 1529 952 1594 Calliste
976 1530 1141 1594 Arcadica
1169 1531 1291 1593 clarius
1320 1547 1403 1592 com·

238 1640 341 1717 parot,
369 1636 565 1716 praesertim
594 1653 670 1699 cum
700 1637 801 1698 etiam
829 1637 870 1699 ad
894 1637 1074 1701 caelestem
1096 1655 1208 1699 ursam
1229 1636 1403 1699 referatur.

240 1739 375 1804 Callisto
400 1742 490 1803 enim
512 1741 611 1823 paulo
634 1745 759 1805 mutato
782 1743 917 1805 nomine
935 1743 1083 1825 nympha
1103 1746 1137 1805 et
1152 1761 1263 1806 comos
1277 1741 1405 1805 Dianae

239 1846 343 1910 fuisse
366 1850 519 1910 narratur
531 1842 564 1928 ²),
589 1865 673 1929 quae
699 1865 774 1910 oum
797 1844 910 1911 anve
932 1852 1040 1911 amata
1055 1853 1154 1931 esset,
1177 1852 1252 1931 post
1265 1852 1405 1912 mortem

240 1953 276 2014 In
303 1951 394 2014 sidus
424 1970 520 2015 ursae
549 1953 683 2016 maioris
714 1957 913 2018 commutata
941 1959 1040 2019 esset.
1095 1955 1192 2018 Oerte
1227 1954 1289 2017 hoc
1317 1954 1409 2016 sidus

241 2060 281 2123 ab
317 2059 557 2139 antiquissimis
585 2059 788 2142 temporibus
812 2059 1002 2123 nationibus
1025 2065 1140 2124 notum
1164 2064 1243 2143 erat,
1271 2078 1347 2123 oum
1374 2062 1408 2122 et

240 2165 457 2249 dispositione
492 2165 663 2228 stellarum
698 2166 828 2248 insigne
864 2170 954 2230 esset
988 2171 1022 2229 et
1054 2186 1115 2250 per
1148 2170 1251 2230 totam
1279 2170 1410 2230 noctem

243 2272 498 2354 conspiceretur,
533 2275 571 2334 ut
602 2273 710 2335 noctis
743 2273 875 2353 signum
909 2272 1026 2335 eadem
1052 2274 1190 2353 ratione,
1225 2290 1290 2353 qua
1323 2271 1410 2350 luna,

242 2380 341 2442 etiam
355 2394 433 2440 ursa
449 2377 604 2440 caelestis
619 2377 736 2440 haberi
750 2381 873 2460 posset.
907 2374 1024 2458 Itaque
1040 2379 1195 2459 quoniam
1210 2376 1252 2440 ad
1267 2371 1407 2439 Dianam

242 2485 349 2567 ipsam
371 2485 434 2547 hoc
458 2482 548 2548 sidus
571 2483 698 2547 referre
720 2503 907 2566 possumus,
936 2482 1023 2564 quod
1047 2482 1204 2547 Callistus
1234 2484 1271 2545 in
1300 2483 1412 2546 sidera

241 2595 396 2674 receptae
425 2592 534 2672 imago
556 2589 742 2672 putabatur,
771 2589 958 2671 intelleges,
987 2607 1045 2652 cur
1068 2589 1150 2652 deae
1171 2593 1324 2652 naturam
1344 2607 1412 2651 non

242 2696 283 2760 ad
306 2698 419 2760 lunam
442 2695 501 2759 sed
524 2694 565 2758 ad
587 2699 718 2759 noctem
739 2695 960 2759 revocandam
975 2713 1050 2759 esse
1065 2696 1261 2758 censuerim.
1305 2694 1410 2758 Recto

241 2805 345 2887 igitur
377 2800 603 2866 BaohofenIus
633 2801 667 2882 (l.
695 2799 728 2882 l.)
764 2801 851 2865 dixit
875 2791 958 2865 ‘Der
982 2799 1062 2883 Bar,
1101 2800 1159 2865 das
1188 2800 1337 2883 Gestim,
1369 2802 1415 2864 ist

242 2911 336 2974 maht
358 2910 420 2971 mit
442 2907 518 2972 dem
539 2906 661 2971 Monde
683 2927 726 2970 zu
746 2908 941 2991 verbinden,
970 2907 1112 2971 sondern
1135 2909 1196 2970 mIt
1219 2907 1279 2971 der
1300 2906 1414 2988 glana·

242 3016 380 3080 reichen
390 3014 622 3096 Erecheinung
637 3011 695 3078 des
712 3013 868 3097 dunheln,
883 3014 1211 3078 mitternbohthchen
1225 3002 1413 3076 Htmmels.'

243 3123 329 3187 Ursa
349 3139 429 3187 vero
451 3125 626 3204 propterea
647 3119 732 3183 illud
746 3120 1050 3203 praeclarissimum
1065 3119 1157 3182 sidus
1172 3118 1411 3202 appellabatur,

115 3271 120 3280 ·
245 3229 331 3312 quod
352 3247 464 3292 ursam
486 3227 629 3291 bestiam
650 3230 785 3310 propter
807 3226 975 3309 pullorum
998 3244 1160 3289 summam
1188 3243 1302 3288 curam
1330 3223 1414 3286 deae

246 3355 374 3400 sacram
411 3333 516 3398 fuisse
554 3331 799 3396 existimabant.
853 3331 1059 3414 Pythagoras
1096 3330 1278 3410 symbolice
1315 3346 1409 3392 ursas

244 3443 358 3507 Rheae
382 3458 498 3504 manus
520 3433 742 3518 nominavit³).
786 3437 934 3501 Eaedem
956 3437 1084 3502 bestiae
1102 3435 1230 3499 Dianae
1245 3434 1409 3518 Laphriae

322 3724 343 3788 ¹)
362 3725 393 3778 P.
412 3723 433 3788 Ι,
446 3722 489 3788 29,
503 3720 528 3775 2.
566 3720 642 3786 VIII,
660 3721 703 3784 35,
730 3717 754 3771 8.
786 3719 822 3773 of.
845 3718 1015 3784 Welcker,
1040 3719 1137 3773 Theol.
1155 3716 1241 3782 Gal,
1265 3734 1293 3786 p.
1312 3715 1416 3782 baono.

249 3813 280 3869 Ο.
302 3813 438 3878 Miller,
464 3812 491 3866 d.
514 3811 578 3866 Dor.
605 3809 633 3874 Ι,
658 3827 685 3878 p.
704 3809 770 3874 376,
795 3825 824 3862 n.
847 3809 873 3862 3.
910 3807 1030 3874 Lauer,
1057 3806 1165 3876 System
1189 3806 1239 3859 der
1261 3822 1303 3874 gr.
1328 3802 1418 3871 Myth.
1533 3868 1536 3873 Ι

248 3920 277 3971 p.
294 3901 346 3956 294
366 3919 407 3968 sq.

322 3987 344 4055 ²)
363 3988 393 4042 P.
413 3987 487 4052 VIII,
513 3988 542 4052 3,
567 3987 584 4039 6
606 4002 660 4053 sq.:
685 3982 772 4052 ταύτῃ
793 3984 827 4053 τῇ
852 3986 999 4038 Καλλιστοῖ
1019 3976 1170 4048 anamim
1194 3976 1319 4046 ἐρασθεὶς
1343 3972 1418 4035 Zetis.

249 4071 324 4144 Ἥρα
341 4073 371 4129 δὲ
389 4069 428 4136 ode
450 4071 597 4142 ἐφώρασεν,
615 4067 740 4138 ἐποίησεν
758 4066 859 4139 ἄρκτον
874 4068 926 4139 τὴν
942 4066 1095 4129 Καλλιστώ,
1110 4062 1232 4134 'Aprem
1248 4061 1278 4118 db
1295 4061 1323 4125 ἐς
1337 4061 1418 4131 χάριν
1494 4125 1498 4130 ,

248 4157 395 4231 τῆςἯρας
411 4159 598 4224 mortigenum
614 4152 708 4224 αὐτήν.
740 4156 795 4210 Καὶ
813 4152 828 4208 ὁ
844 4155 911 4218 Ζεύς
927 4150 1029 4222 Ἑρμῆν
1045 4150 1144 4220 πέμπει
1161 4155 1246 4206 σῶσαι
1262 4148 1312 4203 τὸν
1328 4145 1418 4202 παῖδά

250 4248 277 4302 ol
293 4245 455 4316 προστάξας,
475 4239 507 4298 ὃν
524 4240 553 4297 ἐν
568 4245 602 4314 τῇ
620 4244 714 4312 γαστρὶ
731 4239 833 4312 εἷχενὴ
852 4239 1001 4296 Καλλιστώ.
1036 4237 1174 4294 Kouma
1196 4235 1226 4292 di
1243 4232 1331 4305 αὐτὴν
1347 4231 1420 4288 ἐποί-

250 4349 314 4406 ησεν
331 4329 446 4404 ἀστέρας
462 4328 630 4401 καλουμένην
649 4327 749 4400 ἄρκτον
765 4328 890 4398 μεγάλην.
921 4330 956 4385 cf.
974 4328 1160 4395 Bachofeu,
1178 4327 1234 4383 Der
1245 4328 1300 4381 Bur
1316 4325 1348 4379 In
1365 4323 1421 4377 den

251 4425 418 4494 ReligIonen
438 4424 486 4478 dea
503 4423 686 4477 Alterthums.
722 4421 804 4476 Basel
823 4420 901 4475 1863.

326 4511 348 4579 ³)
367 4511 502 4581 Porphyr.
521 4513 570 4566 vit.
589 4511 710 4579 Pythag.
728 4509 744 4577 5
762 4509 806 4563 41.
