3367 5192
860 361 904 424 64

297 573 354 634 aut
384 589 403 633 a
427 569 582 634 cratibus
614 573 671 634 aut
698 588 718 632 a
739 567 963 634 Phoenicibus
992 568 1181 633 confectum
1204 571 1239 632 et
1261 572 1469 652 apportatum

297 695 370 742 esse
394 675 566 758 probabile
590 679 648 739 est.
776 660 818 686 '⁹

385 781 512 845 Dianae
540 784 578 844 ut
601 798 760 862 aquarum
783 779 936 844 dominae
959 781 1071 863 pisces
1095 783 1182 844 sacri
1204 781 1413 845 habebantur
1434 786 1470 846 et

297 885 447 969 cancri1),
471 887 524 951 illi
547 885 681 969 quidem
704 887 810 969 magIs
834 886 877 949 ad
899 886 997 950 deam
1019 887 1180 951 marinam
1203 888 1259 950 vel
1273 887 1468 969 Potamiam,

295 995 330 1058 hi
362 995 402 1058 ad
430 992 625 1058 Limnaeum
652 991 827 1056 referendi.
875 990 994 1056 Cancri
1021 994 1058 1055 in
1079 991 1247 1076 Ephesiae
1275 993 1380 1076 signis
1402 1011 1469 1056 non

294 1119 368 1163 raro
402 1100 634 1178 inveniuntur,
671 1100 781 1180 pisces
820 1115 900 1161 vero
933 1098 1194 1180 pulcherrimam
1227 1098 1320 1161 illam
1353 1099 1469 1182 imagi-

293 1224 371 1270 nem
395 1204 610 1285 circumdant,
639 1221 704 1286 qua
731 1204 860 1265 nummi
882 1201 1083 1283 Syracusani
1113 1206 1237 1287 signati
1266 1207 1351 1268 sunt.
1396 1202 1470 1267 Iam

294 1310 330 1375 0.
348 1310 530 1375 Muellerus
554 1307 597 1392 (d.
618 1307 695 1377 Dor.
716 1306 742 1390 Ι,
766 1328 796 1390 p.
814 1309 880 1372 380
902 1313 968 1371 not.
985 1308 1018 1390 3)
1041 1309 1187 1373 Dianam
1202 1309 1388 1374 Potamiam
1410 1310 1470 1373 illa

293 1417 533 1482 formosissima
548 1416 635 1479 lacis
650 1415 896 1498 repraesentari
911 1417 1063 1497 opinatus
1080 1419 1139 1498 est7
1163 1435 1239 1480 cum
1254 1417 1314 1480 alii
1329 1415 1469 1480 eandem

293 1523 496 1587 Arethusam
511 1522 613 1586 fontis
630 1519 842 1586 celeberrimi
857 1520 1038 1603 nympham
1052 1523 1278 1586 nominarent:
1302 1541 1343 1586 ea
1357 1525 1469 1586 autem

293 1629 380 1691 nihil
416 1627 508 1692 aliud
536 1631 589 1690 est
613 1626 680 1690 nisi
707 1625 835 1689 Dianae
867 1627 967 1708 paulo
999 1627 1189 1691 abalienata
1219 1629 1359 1710 species,
1393 1647 1469 1690 cum

295 1752 408 1797 omnes
423 1733 591 1816 nymphae
606 1732 733 1795 Dianae
757 1732 852 1813 quasi
874 1735 987 1814 partes
1003 1734 1078 1795 sint.
1109 1731 1252 1796 Dianam
1266 1752 1346 1798 vero
1360 1735 1470 1816 ipsam

292 1840 329 1902 in
344 1835 484 1921 Ortygia
499 1838 619 1919 insula,
634 1837 694 1901 ubi
709 1835 783 1900 fons
798 1836 987 1900 Arethusae
1004 1841 1085 1919 erat,
1100 1839 1250 1902 maxime
1267 1839 1468 1904 celebratam

293 1943 397 2008 fuisse
433 1943 595 2007 Pindarus
628 1943 724 2006 testie
760 1946 825 2023 est,
860 1943 918 2023 qui
949 1939 1121 2025 Ortygiam
1157 1941 1268 2024 (Pytln
1296 1943 1341 2027 ΙΙ,
1374 1964 1406 2008 v.
1435 1944 1468 2024 7)

292 2047 449 2130 ποταμίας
471 2043 544 2122 ἕδος
562 2041 743 2129 Ἀρτέμιδος
775 2051 808 2111 et
836 2045 940 2128 (Nem.
963 2046 989 2131 1,
1017 2068 1047 2113 v.
1071 2048 1104 2129 3)
1139 2043 1268 2129 δέμνιον
1287 2042 1469 2130 Ἀρτέμιδος

292 2157 470 2235 nuncupat.

686 2495 708 2509 ··
757 2447 883 2553 capot
908 2451 1006 2534 VIII.

327 2622 372 2694 De
393 2622 496 2694 Diana
519 2623 705 2694 animalium
727 2624 958 2748 gignendum
980 2627 1013 2696 et
1035 2624 1278 2696 nutriendorum
1299 2626 1434 2697 tutelari

810 2750 949 2802 numme.

381 2892 435 2954 Ad
468 2893 601 2956 tertiam
634 2893 702 2956 iam
724 2891 863 2975 Dianae,
896 2892 1060 2956 naturalis
1092 2895 1344 2976 antiquissimae
1374 2893 1467 2974 deae,

290 2999 498 3081 provinciam
520 3016 708 3080 pergamus,
737 3017 821 3080 quae
845 3000 1040 3062 animalium
1063 3001 1210 3064 omnium
1233 3000 1468 3082 pariendorum

292 3107 327 3166 et
355 3103 606 3167 nutriendorum
637 3121 716 3169 cura
749 3107 946 3170 continetur.
990 3105 1143 3168 Eandem
1172 3107 1261 3169 enim
1291 3108 1369 3187 vim,
1402 3124 1468 3187 qua

294 3209 472 3289 quotannIs
509 3208 615 3272 denuo
649 3209 959 3294 fructusagrorum
991 3215 1025 3274 et
1057 3211 1211 3274 arborum
1243 3215 1466 3294 procreentur,

292 3299 396 3378 etiam
418 3315 454 3376 in
477 3315 667 3394 hominibus
698 3315 883 3398 bestiisque
908 3316 1080 3382 efficacem
1105 3335 1178 3380 esse
1203 3316 1400 3400 cogItabant,
1428 3321 1466 3379 ut

289 3420 420 3504 prolem
450 3420 631 3484 enlmantia
658 3422 806 3504 gignant,
836 3441 902 3504 qua
929 3423 1064 3504 quidem
1091 3425 1128 3485 in
1154 3441 1192 3486 re
1221 3425 1324 3487 totius
1351 3421 1467 3494 mundi

292 3527 381 3591 salus
400 3529 537 3592 constat.
569 3523 687 3608 Itaque
702 3525 809 3591 Diana
832 3529 1015 3608 antiquitus
1038 3528 1195 3610 genitalis
1219 3528 1381 3609 quaedam
1404 3528 1467 3591 dea

294 3637 353 3715 est,
378 3650 462 3714 quae
485 3635 599 3716 partus
622 3633 816 3696 animalium
839 3639 943 3714 curat,
973 3653 1039 3715 qua
1061 3636 1097 3697 vi
1119 3636 1281 3698 instructa
1305 3650 1466 3698 summam

185 3711 196 3742 x
290 3743 326 3804 et
349 3736 528 3808 adiuvandi
552 3741 586 3801 et
607 3737 750 3801 nocendi
773 3742 972 3822 potestatem
995 3739 1133 3804 obtinet.

378 3843 476 3908 Falso
493 3843 600 3908 adhuc
615 3843 702 3908 hane
717 3841 847 3909 Dianae
869 3843 1016 3909 indolem
1039 3863 1059 3906 a
1082 3845 1192 3908 lunari
1214 3848 1342 3927 rauna,
1367 3863 1466 3926 quam

287 3949 511 4034 principalem
534 3949 781 4032 existimabant,
813 3947 953 4013 fluxisse
980 3949 1166 4033 mythologi
1196 3951 1349 4033 plerique
1380 3949 1467 4013 arbi·

276 4059 367 4123 trati
399 4059 477 4120 sunt
505 4059 658 4118 veterum
692 4055 866 4139 opiniones
897 4058 1013 4120 secuti.
1061 4056 1177 4120 Cicero
1212 4056 1253 4138 (d.
1276 4059 1343 4119 nat
1366 4055 1397 4118 d.
1419 4053 1465 4144 Π,

289 4168 341 4248 19,
365 4159 422 4246 50)
456 4160 498 4226 de
532 4159 612 4224 luna
646 4163 795 4246 scripsit:
824 4153 944 4227 ‘Multa
974 4162 1016 4227 ab
1048 4180 1088 4226 ea
1116 4166 1253 4226 manant
1284 4167 1318 4226 et
1347 4161 1464 4241 fluunt,

289 4270 409 4353 quibus
448 4272 483 4332 et
520 4267 706 4332 animantes
750 4269 880 4334 alantur
923 4272 1172 4352 augescantque
1212 4273 1246 4333 et
1280 4267 1467 4352 pubescant

362 4494 383 4563 ¹)
401 4496 436 4550 ct.
456 4494 562 4560 Guhl,
579 4494 679 4564 liphne.
698 4511 726 4564 p.
744 4493 781 4550 90
797 4511 860 4563 sqq.
