3367 5192
847 354 891 418 40

760 444 973 452 ..——-..--—.

282 548 381 652 quam
398 574 519 652 postea
540 567 623 632 Iuno
647 568 682 630 in
706 569 779 631 eius
802 568 912 630 locum
927 543 1105 648 supposita
1133 568 1193 645 ast,
1220 563 1254 626 id
1278 563 1365 645 quod
1387 582 1481 667 uon·

282 679 355 740 sine
379 675 618 759 oppidanorum
645 673 790 737 tumultu
814 691 853 736 ac
876 672 1040 736 seditione
1067 670 1192 733 iactum
1216 687 1290 732 asse
1313 669 1453 732 videtur.

279 781 365 847 Nam
391 780 507 845 Medea
531 779 694 844 Corintho
710 777 841 842 Thebas
852 775 877 860 1)
908 778 964 840 vel
985 769 1175 855 Athenas¹l
1205 781 1252 838 et·
1268 780 1384 858 postea
1413 774 1455 838 ad

280 891 370 972 ipsos
393 887 507 951 Medos
531 887 657 970 fugisse
680 886 795 966 fertur,
826 903 892 966 qua
915 883 1050 965 quidem
1078 901 1114 946 re
1139 900 1245 963 aequa
1269 885 1367 962 atque
1394 882 1455 944 illa

281 995 323 1059 de
356 995 625 1077 Argonautarum
660 991 873 1076 expeditione
908 990 1023 1054 fabula
1057 981 1143 1053 satis
1174 987 1337 1052 declarari
1369 987 1455 1052 mihi

280 1100 415 1165 videtur
442 1099 579 1164 Graecis
615 1099 868 1180 antiquissimae
902 1098 1050 1180 ipsorum
1083 1095 1256 1177 religionis
1291 1095 1455 1178 originem

280 1226 355 1272 cum
379 1207 595 1285 orientalibus
619 1204 816 1288 quibusdam
831 1203 1026 1267 nationibus
1042 1221 1250 1266 communem
1273 1220 1307 1265 se
1330 1201 1455 1265 habere

281 1313 447 1395 quondam
469 1317 585 1376 notum
607 1312 721 1376 finisse.

368 1417 441 1483 Iam
467 1438 547 1483 vero
578 1420 608 1482 si
639 1435 772 1482 causam
801 1418 1000 1501 respicimus
1032 1415 1151 1478 barum
1179 1411 1454 1496 immolationum

283 1527 385 1588 animi
408 1526 546 1589 humaui
572 1505 840 1592 imbecillitatem
872 1525 979 1607 primo
1011 1539 1151 1606 arguere
1182 1539 1366 1604 possumus,
1398 1520 1456 1601 qni

282 1634 395 1696 oontm
422 1629 558 1695 deorum
591 1632 802 1694 maiestatem
835 1647 880 1694 ac.
906 1630 1114 1694 voluntatem
1148 1627 1235 1690 nihil
1270 1645 1306 1690 se
1340 1626 1453 1690 valere

280 1736 496 1800 intellexerit.
556 1735 737 1818 Propterea
770 1735 860 1798 enim
893 1736 1046 1798 homines
1080 1752 1141 1797 sua
1175 1737 1292 1816 sponte
1330 1733 1454 1815 optima

283 1859 412 1924 quaque
448 1846 482 1906 et
513 1843 684 1906 carissima
712 1861 750 1905 re
781 1841 846 1905 diis
881 1840 1035 1904 dedicata
1065 1840 1123 1903 vel
1155 1841 1303 1922 ipsorum
1337 1837 1454 1902 liberis

281 1947 462 2012 immolatis
499 1965 641 2031 poenam
673 1948 781 2010 vitare
817 1945 1038 2028 conabantur,
1076 1964 1161 2026 quae
1195 1946 1239 2008 iis
1272 1945 1387 2008 debita
1421 1949 1456 2009 et

282 2053 406 2116 morbis
438 2054 555 2116 aliisve
587 2052 735 2116 adversis
766 2052 866 2116 rebus
896 2053 999 2115 missa
1029 2050 1214 2114 videbatur.
1262 2051 1345 2114 (ium
1373 2069 1453 2115 vero

281 2160 433 2223 homines
458 2159 583 2222 artibus
606 2159 795 2240 litterisque
820 2157 1019 2222 eruditiores
1042 2156 1125 2220 iacti
1148 2160 1268 2238 essent,
1292 2156 1371 2220 deos
1393 2157 1453 2220 illo

281 2265 406 2348 puerili
450 2268 543 2327 metu
589 2265 698 2327 colere
741 2263 922 2327 desierunt.
981 2261 1143 2326 Maiorem
1185 2263 1276 2326 enim
1317 2262 1455 2326 deorum

148 2373 151 2381 '
185 2379 188 2385 '
281 2371 479 2434 clementiae
503 2370 659 2434 fiduciam
681 2370 772 2434 nacti
782 2365 807 2449 3)
838 2373 872 2433 et
899 2388 975 2432 cum
1003 2372 1213 2432 cruentarum
1240 2367 1471 2432 victimarum

278 2476 355 2539 flios
385 2495 451 2540 non
483 2476 620 2559 cupidos
652 2494 725 2540 esse
764 2475 830 2538 sibi
862 2475 1108 2558 persuasissent
1138 2475 1263 2538 cultum
1291 2476 1453 2557 paulatim

279 2580 322 2645 ad
359 2582 527 2664 mitigatos
565 2600 673 2645 mores
712 2581 958 2664 adoptaverunt.
1020 2579 1103 2644 Gum
1140 2599 1220 2644 vero
1260 2583 1453 2645 memoriam

282 2687 417 2774 illarum
447 2707 559 2751 rerum
584 2691 852 2769 conservassent,
882 2706 998 2751 causas
1025 2688 1221 2768 singulares,
1245 2687 1366 2769 quibus
1392 2688 1452 2751 illa

280 2791 429 2856 facinora
451 2797 660 2873 excusarent,
683 2793 861 2874 finxerunt,
885 2792 1005 2874 quibus
1029 2791 1128 2854 fidem
1151 2793 1289 2855 nimiam
1303 2793 1451 2857 tribuere

280 2896 401 2960 falsum
426 2894 519 2977 est4).

279 3039 493 3048 —.-..-—*-

354 3125 375 3195 ¹)
394 3127 474 3183 Diod.
491 3127 517 3192 4,
537 3127 571 3181 54
589 3144 630 3194 sq.

353 3213 373 3282 ²)
392 3215 472 3271 ovid.
490 3215 603 3270 Metam.
622 3215 683 3280 VII,
702 3215 754 3270 350
773 3233 813 3282 sq.

353 3301 374 3371 ³)
393 3304 434 3358 Ex
453 3303 608 3358 Ameilicho
627 3303 773 3358 Meilichus
791 3303 880 3358 factus
899 3307 949 3360 est.

352 3389 375 3459 4)
394 3393 466 3448 Puta
484 3393 514 3447 P.
533 3391 568 3458 ΙΙ,
587 3391 612 3458 3,
632 3394 657 3446 7.
