3367 5192
774 356 837 420 103

219 567 312 630 velut
333 562 561 648 Hegemones,
591 573 666 629 cum
688 565 803 631 Musae
826 563 947 631 Ionum
973 570 1031 632 rel
1051 566 1267 633 Neleidarum
1290 568 1392 633 duces

219 672 260 734 ad
306 672 467 735 coloniam
507 671 677 755 Ephesum
725 672 928 736 condendam
967 673 1249 756 proficiscentium
1288 675 1391 738 fuisse

217 774 515 860 perhiberentur1).

307 882 421 966 ipsum
436 882 603 946 Musarum
625 903 746 948 nomon
762 885 803 948 ad
818 883 961 948 Dianam
975 887 1012 948 in
1028 887 1224 969 cognomine
1239 885 1390 966 Mysiae

217 991 374 1054 tralatum
390 991 473 1054 mihi
488 990 628 1073 videtur,
653 992 748 1054 ouius
766 991 803 1052 in
817 989 983 1054 Laconico
999 991 1111 1054 fanum
1130 988 1239 1071 orat't
1274 990 1390 1074 Neque

217 1099 404 1160 sententiae
428 1114 523 1159 meae
547 1096 651 1178 obest,
675 1095 762 1177 quod
779 1095 881 1159 Ceres
905 1113 1036 1176 quoque
1059 1095 1176 1159 eodem
1194 1099 1390 1180 cognomine

218 1198 490 1284 appellabatur3),
522 1220 597 1265 cum
621 1201 778 1265 Cererem
807 1206 841 1265 et
868 1199 1010 1263 Dianam
1039 1203 1223 1283 antiquitus
1251 1202 1391 1266 eandem

215 1307 313 1370 deam
337 1307 442 1370 fuisso
463 1297 655 1370 dixerimus.
685 1306 740 1369 Ad
755 1299 901 1386 Mysiam
915 1308 1019 1370 Asiae
1033 1310 1243 1390 provinciam
1259 1308 1391 1374 Cereris

213 1432 400 1496 cognomen
428 1431 471 1474 no
499 1412 541 1475 ab
570 1413 716 1493 antiquis
745 1411 879 1492 quidem
905 1411 1129 1494 referebatur,
1162 1434 1238 1478 cum
1267 1421 1392 1478 atem·

215 1513 346 1602 plorum
370 1518 595 1583 conditoribus
615 1509 775 1581 Cererem
799 1519 1062 1600 cognominatam
1086 1519 1190 1584 fuisse
1206 1520 1390 1585 Pausanias

215 1625 333 1688 tradat.
371 1623 490 1706 Itaque
512 1643 555 1687 ne
576 1622 704 1686 Dianae
727 1622 862 1704 quidem
885 1642 1067 1706 cognomen
1082 1610 1269 1691 Asiaticam
1291 1628 1390 1691 huius

216 1731 327 1794 cultus
351 1732 515 1813 originem
529 1728 669 1812 probare
684 1733 802 1811 potest.
841 1729 971 1793 Cereris
990 1750 1070 1795 vero
1085 1731 1215 1812 Mysiae
1230 1733 1392 1817 templum

214 1856 317 1920 prope
343 1835 525 1900 'Pellenam
561 1837 597 1898 in
631 1834 761 1897 Achaia
798 1833 973 1915 Mysaeum
1012 1837 1259 1919 nominabatur,
1306 1840 1392 1919 quod

214 1941 349 2006 Musei
383 1943 414 2024 (i.
449 1961 477 2006 e.
512 1940 682 2005 Musarum
716 1940 845 2025 templi)
879 1941 984 2005 forma
1019 1944 1196 2007 dialectica
1230 1941 1391 2025 quaedam

214 2050 348 2113 ridetur
378 2049 491 2112 fuisse.
541 2047 668 2110 Eadem
698 2047 827 2110 ratione
858 2046 1000 2112 Dianam
1016 2048 1170 2131 Mysiam
1198 2070 1256 2133 pro
1284 2050 1392 2115 Mesia

213 2155 341 2218 dictam
373 2173 446 2218 osse
477 2153 660 2217 verisimile
690 2156 754 2234 est,
791 2170 867 2216 cum
900 2155 956 2216 vel
982 2153 1097 2218 Musae
1128 2157 1221 2238 ipsae
1251 2156 1391 2220 Aeolica

212 2261 359 2325 dialecto
382 2258 499 2340 Mysae
522 2260 631 2323 diotae
655 2277 728 2322 esse
751 2255 963 2338 tradantur4).

305 2367 352 2430 At
376 2368 507 2431 etiamsi
530 2368 616 2429 hanc
635 2364 765 2444 Mysiae
779 2363 907 2428 Dianae
931 2366 1191 2448 explicationem
1213 2386 1280 2430 non
1304 2387 1391 2432 com-

215 2472 425 2556 probaveris,
460 2477 572 2535 tamen
606 2469 733 2534 Dianae
770 2471 931 2534 musicam
964 2477 1117 2534 naturam
1152 2477 1187 2546 et
1219 2469 1390 2536 Musarum
1508 2514 1512 2522 -

212 2577 471 2641 similitudinem
495 2577 641 2641 abnuere
663 2594 729 2639 non
751 2576 886 2657 poteris.

304 2683 412 2766 Supra
441 2682 584 2746 Dianam
619 2683 826 2746 oraculorum
859 2682 1045 2765 praesidem
1077 2702 1152 2747 esse
1185 2685 1389 2748 notavimus:

220 2809 294 2854 cum
326 2791 410 2854 haec
441 2808 571 2872 quoque
601 2790 664 2853 dea
700 2789 846 2852 locorum
878 2788 1071 2852 diversitate
1102 2791 1389 2872 multiplicaretur,

210 2895 399 2976 Sibyllae
428 2897 637 2979 excogitatae
665 2898 754 2976 sunt,
786 2911 871 2974 quae
899 2898 1067 2958 antrorum
1097 2896 1317 2970 vellentium
1341 2897 1390 2959 in-

217 3003 313 3066 colae
338 3003 558 3065 vaticinantes
583 3006 685 3082 erant,
708 3001 728 3062 i.
754 3019 781 3080 e.
805 2998 888 3062 deae
910 3000 1071 3064 naturalis
1095 2999 1219 3064 locales
1241 3003 1390 3084 personi-

212 3107 398 3172 ficationes.
438 3106 520 3172 Cum
543 3126 621 3170 vero
637 3105 746 3169 Diana
767 3107 840 3188 ipsa
856 3103 984 3184 Sibylla
1005 3102 1271 3188 nominaretur5),
1295 3107 1391 3171 dubi-

208 3214 293 3276 tatio
310 3213 351 3276 do
368 3213 467 3276 huius
481 3213 654 3295 religionis
670 3211 797 3296 origine
813 3213 880 3274 iam
895 3229 969 3274 esse
984 3231 1050 3275 non
1065 3216 1182 3295 potest.
1221 3211 1387 3296 Delphica

212 3317 380 3402 imprimis
411 3317 541 3398 Sibylla
562 3316 670 3380 Diana
696 3316 945 3398 nominabatur,
974 3336 1040 3398 qua
1064 3337 1102 3382 re
1132 3339 1247 3382 rursus
1276 3325 1389 3383 nostra

210 3422 257 3485 de
275 3425 507 3505 antiquissimo
525 3425 617 3486 cultu
628 3421 791 3505 Delphico
807 3424 973 3486 sententia
985 3424 1205 3488 confirmatur.
1231 3426 1390 3489 Ceterum

289 3701 309 3768 1)
330 3703 460 3758 Philostr-
478 3704 567 3772 Imag.
585 3702 621 3769 11,
640 3703 664 3769 8,
684 3720 711 3772 p.
731 3701 792 3756 823.

289 3788 310 3857 ²)
330 3790 362 3846 P.
382 3791 431 3853 111,
450 3789 493 3856 20,
511 3792 536 3844 9.

286 3875 309 3941 ³)
328 3879 359 3933 P.
377 3879 413 3944 ΙΙ,
434 3880 476 3946 18,
495 3881 524 3944 3;
545 3879 606 3943 Vll,
625 3878 668 3943 27,
688 3880 714 3935 9.

284 3963 306 4031 ⁴)
325 3966 410 4021 Clam.
430 3967 510 4020 Alex.
523 3966 663 4035 Protrept.
676 3967 711 4031 ll,
730 3967 772 4032 31,
792 3985 819 4036 p.
838 3965 873 4018 27
893 3965 995 4035 (Pott):
1015 3962 1030 4018 ὁ
1049 3961 1079 4017 ol
1092 3964 1196 4032 Μάκαρ
1215 3967 1387 4034 (Lesbiorum

206 4053 270 4120 rex)
291 4052 410 4114 Μούσας
427 4053 628 4120 θεραπαινίδας
645 4051 747 4114 ταύτας
764 4052 901 4114 τοσαύτας
916 4050 966 4106 τὸν
984 4050 1107 4122 ἀριθμὸν
1124 4051 1234 4107 ω’νεῖται
1251 4053 1298 4106 καὶ
1315 4057 1391 4107 καλεῖ

215 4139 318 4201 Μύσας
335 4138 405 4193 κατὰ
422 4138 473 4208 τὴν
490 4137 630 4194 διάλεκτον
645 4138 697 4208 τὴν
713 4139 837 4194 Αἰολέων.

287 4226 311 4295 ⁶)
332 4227 417 4282 Clam.
437 4227 516 4282 Alex.
536 4228 638 4291 Strom.
653 4229 675 4294 l,
694 4247 721 4297 p.
740 4228 801 4294 384,
820 4228 893 4295 Pota,
912 4228 947 4283 of.
965 4247 992 4298 p.
1011 4229 1072 4282 358.
1110 4227 1183 4283 Suid.
1202 4247 1223 4283 s.
1240 4248 1266 4284 r.
1280 4228 1388 4296 Δελφίς.

210 4317 241 4370 Ρ.
260 4317 294 4381 Χ,
319 4314 365 4384 12,
391 4314 421 4368 2:
446 4317 522 4367 καλεῖ
539 4311 569 4367 δὲ
589 4316 756 4386 (Herophila
779 4317 810 4371 in
828 4314 945 4385 hymno)
964 4311 1015 4380 οὐχ
1032 4311 1180 4382 Ἡροφίλην
1196 4314 1295 4383 μόνον,
1321 4315 1389 4372 ἀλλὰ

202 4398 400 4470 αα1”Αοτεμιν
423 4400 454 4456 ἐν
475 4407 534 4465 τοῖς
555 4399 645 4456 ἔπεσιν
668 4399 768 4472 αὐτήν,
797 4401 842 4455 καὶ
862 4398 1026 4463 ’Λπόλλωνος
1051 4399 1120 4470 γονὴ
1141 4403 1251 4471 γαμετή,
1274 4401 1334 4457 τοτὲ
1359 4401 1389 4456 δὲ

201 4485 315 4557 ,ἀδελφὴ
334 4489 379 4541 ael
398 4481 488 4550 aridae
504 4486 631 4556 θυγάτηρ
649 4487 734 4556 φησὶν
751 4485 829 4543 εἶναι.
