3367 5192
856 347 900 408 52

170 580 173 584 ·
291 575 479 645 possumus,
508 573 628 638 nempe
652 555 738 636 quod
760 555 804 619 ad
826 558 974 621 omnium
997 559 1190 623 animalium
1211 563 1459 643 generationem

291 671 325 730 et
346 666 487 732 tutelam
508 663 681 747 pertineat.
1213 747 1215 751 .

378 771 439 834 Vis
473 769 601 833 Dianae
634 769 844 850 procreatrix
883 787 1082 851 quamquam
1121 788 1141 833 a
1179 772 1287 854 poetis
1322 771 1460 838 Graecis

291 881 402 944 minua
426 876 586 959 explicite
609 871 743 936 laudata
765 877 829 956 est,
858 877 970 938 tumen
993 872 1131 958 Orphici
1153 877 1269 956 hymni
1292 876 1356 960 (36,
1379 899 1410 942 r.
1425 879 1462 958 4)

292 989 386 1052 extat
415 984 521 1062 locus,
551 998 615 1062 quo
643 977 750 1042 Diana
784 979 907 1044 dicitur
934 973 1059 1062 ἄγουσα
1081 975 1201 1054 καλοὺς
1222 976 1370 1063 ιιαραοάς
1393 977 1460 1046 ἀπὸ

287 1090 392 1175 γαίης.
444 1087 566 1152 Latere
603 1089 716 1148 autem
750 1085 890 1148 eandem
924 1085 1006 1150 deae
1040 1091 1191 1151 naturam
1223 1090 1260 1152 in
1295 1089 1459 1172 laudibus,

289 1196 453 1277 existimo,
478 1192 598 1275 quibua
622 1209 641 1252 a
663 1191 771 1272 poetis
795 1191 936 1255 choreae
952 1191 1089 1275 Dianae,
1113 1212 1287 1275 quaecum
1301 1196 1461 1278 nymphis

289 1305 397 1383 ducat,
420 1297 662 1383 praedicantur.
700 1295 772 1361 lam
794 1297 881 1379 apud
903 1296 1087 1362 Homerum
1108 1301 1275 1384 insignem
1297 1301 1461 1365 habemus

287 1412 397 1475 locum
420 1405 449 1485 (ζ
472 1405 534 1469 102
560 1399 658 1483 sqq.):

443 1508 504 1590 Οἴη
530 1501 556 1570 δ’
571 1501 720 1587 ’Ἄρτεμις
743 1497 802 1568 εἶσι
823 1509 891 1568 κατ’
914 1502 1035 1588 οὔρεος,
1052 1502 1192 1588 ἰοχέαιρα

439 1609 463 1695 ἢ
484 1605 565 1674 κατὰ
591 1603 755 1691 Τηΰγετον
776 1605 987 1692 περιμήκετον
1008 1605 1032 1692 ἢ
1050 1604 1258 1690 Ἐρύμανθον

439 1706 616 1796 τερπομένη
639 1711 787 1792 κάπροισι
811 1710 867 1775 καὶ
888 1708 1003 1797 άιιείγς
1024 1709 1200 1794 ἐλάφοισιν.

438 1817 478 1901 τῇ
500 1811 534 1878 δέ
554 1809 587 1878 θ’
611 1810 676 1896 ἅμα
697 1812 834 1898 νύμφαι,
857 1816 975 1897 κοῦραι
996 1811 1076 1890 Διὸς
1099 1814 1252 1899 αἰγιόχοιο

440 1912 619 2000 ἀγρονόμοι
639 1919 797 1998 παίζουσι,
820 1913 937 2000 γέγηθε
959 1912 993 1984 δέ
1014 1940 1048 1982 τε
1069 1915 1173 2000 φρένα
1194 1913 1302 2002 Λητώ.

437 2016 573 2088 πασάων
595 2016 622 2086 d'
646 2015 727 2102 ὑπὲρ
749 2016 807 2103 ἥγε
829 2017 912 2104 κάρη
934 2017 997 2103 ἔχει
1015 2017 1074 2104 ἠδὲ
1095 2017 1234 2103 μένοντα,

439 2125 507 2207 ρἐῐα
529 2119 557 2190 d'
580 2120 742 2206 ἀριγνώτη
765 2119 902 2194 ritem*
924 2122 1016 2191 καλαὶ
1039 2120 1074 2190 δέ
1094 2145 1128 2190 τε
1150 2127 1255 2190 πᾶσαι

283 2250 447 2315 Mittimus
476 2249 617 2312 aliorum
644 2252 816 2331 poetarum
851 2247 968 2328 verba,
1006 2265 1082 2312 oum
1114 2267 1201 2312 nora
1230 2249 1271 2312 ad
1300 2254 1455 2313 naturam

283 2355 411 2426 Dianae
434 2354 689 2419 describendam
712 2358 908 2438 argumenta
930 2354 1041 2418 minus
1062 2355 1254 2437 praebeant
1291 2353 1454 2437 seuquid

286 2483 332 2529 ex
353 2463 416 2528 hoe
430 2461 569 2526 Homeri
590 2461 662 2524 loco
681 2460 778 2524 nobis
795 2460 1019 2544 colligendum
1035 2460 1108 2524 est?
1138 2460 1306 2526 Videlicet
1319 2465 1456 2525 naturas

284 2570 366 2633 deae
390 2571 425 2631 et
446 2566 668 2650 nympharum
692 2565 883 2629 consimiles
907 2565 1020 2629 fuisse.
1065 2563 1239 2650 Nymphae
1262 2569 1358 2648 quasi
1379 2586 1457 2650 per-

284 2674 529 2740 sonificationes
556 2672 718 2735 naturalis
746 2671 830 2734 deae
860 2676 949 2753 sunt,
978 2672 1126 2753 quaein
1154 2672 1303 2753 qualibet
1326 2672 1455 2754 arbore,

283 2782 384 2861 fonte,
400 2779 548 2860 flumine,
571 2782 682 2842 monte
703 2777 854 2841 habitare
875 2777 1060 2861 putabatur.
1095 2775 1178 2840 Cum
1192 2796 1271 2842 vero
1285 2776 1394 2841 Diana
1409 2779 1454 2842 iis

282 2888 416 2971 praesit,
446 2903 607 2948 summam
633 2885 728 2964 quasi
751 2885 899 2946 omnium
922 2883 1096 2963 montium,
1120 2878 1286 2963 arborum,
1310 2882 1451 2947 fontium

283 2992 542 3056 dominationem
565 2989 647 3053 deae
669 2993 804 3052 nostrae
825 2989 1031 3071 provinciam
1047 3007 1120 3052 esse
1137 2993 1289 3071 apparot:
1311 2993 1451 3053 naturae

283 3099 387 3180 igitur
402 3097 492 3158 omni
506 3099 649 3179 praeest.
680 3093 797 3176 Itaque
812 3093 1019 3176 Hartungius
1042 3092 1157 3174 (Myth.
1173 3092 1228 3156 tir.
1243 3092 1305 3175 111,
1326 3115 1357 3178 p.
1374 3095 1453 3175 153)

281 3203 469 3267 rectissime
492 3201 633 3284 scripsit.
666 3193 737 3263 ‘ihr
759 3201 812 3278 ist,
836 3200 887 3263 als
909 3199 969 3262 der
983 3198 1117 3281 Herrin,
1139 3200 1236 3263 Alias
1252 3201 1360 3282 eigen,
1382 3219 1451 3263 was

280 3309 361 3372 wild
384 3306 565 3372 autwtchst
588 3307 674 3370 ohne
696 3304 854 3370 Beihdlfe
884 3305 944 3369 der
967 3298 1099 3369 Cultur?
1145 3304 1245 3369 Illam
1267 3324 1346 3369 vero
1369 3304 1452 3369 Ger-

280 3433 452 3508 manorum
465 3411 505 3477 de
517 3413 737 3496 nympharum
753 3413 871 3496 regina
885 3412 1082 3495 opinionem,
1099 3429 1197 3493 quam
1209 3411 1300 3474 idem
1313 3410 1451 3479 Graecis

281 3538 411 3604 quoque
433 3519 590 3601 vindicat,
613 3514 784 3614 nunquam
807 3519 943 3582 disertis
968 3517 1082 3582 verbis
1104 3517 1228 3580 dictam
1250 3517 1449 3580 invenimus.
1579 3588 1583 3597 ,

279 3625 396 3708 ltaque
423 3626 644 3709 nympharum
667 3644 719 3688 *ac
747 3623 876 3689 Dianae
912 3624 1108 3688 relationem
1143 3623 1206 3686 hac
1238 3624 1367 3685 ratione
1396 3641 1452 3686 ac·

280 3733 428 3798 curatius
461 3730 600 3794 definire
634 3749 823 3813 possumus:
864 3729 1027 3793 naturalis
1061 3728 1123 3792 dea
1157 3746 1356 3818 quemquam
1388 3747 1449 3811 per

278 3838 469 3904 universam
490 3840 643 3899 naturam
666 3835 789 3899 efficax
812 3840 878 3918 est,
906 3839 1020 3898 tamen
1036 3851 1067 3918 'a
1090 3834 1230 3917 singulis
1257 3833 1450 3897 hominihus
1510 3859 1515 3868 ·

279 3945 430 4024 sentitur,
447 3960 588 4023 cumque
603 3941 747 4009 diversis
761 3942 846 4006 locis
856 3941 1005 4006 diversas
1015 3943 1133 4004 natura
1141 3938 1448 4023 speciespraebeat,

277 4049 440 4114 naturalis
462 4046 546 4112 deae
567 4065 690 4110 numen
712 4048 748 4110 in
770 4047 932 4130 plurimas
954 4047 1175 4130 nympharum
1189 4062 1349 4128 personas
1362 4043 1450 4107 diri-

276 4155 373 4220 ditur.
410 4152 528 4236 Itaque
550 4153 714 4236 nymphas
734 4159 894 4236 tanquam
917 4153 1145 4219 emanationes
1165 4150 1261 4214 illius
1273 4147 1447 4232 magnae&

276 4261 359 4326 deae
388 4259 563 4342 hahemus,
596 4276 681 4341 quae
710 4259 836 4343 ubique
871 4264 1036 4324 terrarum
1069 4257 1191 4322 efficax
1222 4260 1283 4320 est.
1334 4254 1450 4319 Primo

350 4485 370 4554 1)
389 4483 501 4554 Μεγάλη
511 4485 601 4542 Diana
609 4487 1032 4558 appellataeataOallim.Rin
1040 4485 1111 4543 Pan.
1119 4483 1216 4543 alit.
1234 4483 1294 4551 c,1.
1308 4481 1448 4542 aarum
