3367 5192
808 351 850 412 89

242 560 376 624 domina
399 558 510 640 fuerit,
533 558 634 622 facile
650 559 887 642 intellegimus,
912 577 971 622 cur
984 560 1127 626 Athenis
1143 554 1291 622 Νεκύσια
1316 559 1418 624 etiam

241 655 400 743 Νεμέσεια
426 672 545 728 vocata
567 661 673 747 sint¹)‚
703 683 789 746 quae
818 665 993 729 sollemnia
1022 666 1137 746 quinto
1165 664 1417 729 Boedromionis

242 769 297 834 die
331 769 522 852 agebantur.
575 768 697 834 Sextus
727 789 807 834 vero
836 772 921 835 item
941 770 1071 835 Dianae
1100 771 1173 836 dies
1200 771 1306 836 festus
1333 773 1418 850 erat

243 876 439 956 cognomine
469 875 662 958 Agroterae,
696 876 738 939 ad
768 878 864 940 cuius
895 881 1050 941 naturam
1079 876 1311 941 illustrandam
1341 894 1418 940 con-

242 981 414 1044 vertimur.

331 1084 441 1149 Diana
469 1087 649 1169 Agrotera,
684 1105 770 1168 quae
798 1087 948 1151 ‘ferocem
976 1105 1058 1170 prae
1093 1105 1131 1155 se
1160 1086 1227 1150 fert
1255 1088 1418 1167 naturam,

227 1190 285 1254 ad
314 1190 454 1256 alteram
483 1190 565 1257 deae
592 1193 800 1275 perniciosae
829 1194 1035 1275 provinciam
1062 1211 1125 1273 nos
1145 1190 1300 1271 traducit,
1332 1208 1418 1272 qnae

242 1293 332 1359 bello
355 1297 429 1379 ipso
457 1298 653 1362 continetur.
687 1295 772 1360 Nam
794 1297 903 1361 Diana
926 1296 1249 1373 etiambellioosa
1271 1295 1335 1360 dea
1357 1299 1418 1376 est,

243 1401 338 1464 cuius
368 1405 507 1465 naturae
539 1403 731 1466 testimonia
761 1402 869 1466 adhuc
895 1401 1161 1482 nondumssaatia·
1181 1401 1303 1474 collata
1334 1401 1419 1463 mihi

241 1505 407 1570 ridentur.
451 1505 622 1571 Prellerus
650 1506 767 1588 (Myth.
789 1507 844 1571 Gr.
866 1505 894 1588 Ι,
922 1527 952 1590 p.
976 1507 1055 1590 245)
1083 1507 1175 1575 enim
1204 1506 1313 1571 obiter
1340 1503 1419 1568 Dia-

242 1625 320 1673 nam
335 1612 536 1694 Agroteram
557 1615 656 1676 vocat
673 1603 804 1676 ‘cotun
826 1611 886 1676 dee
900 1609 1029 1675 Wildes
1052 1610 1121 1675 und
1143 1611 1203 1676 der
1218 1610 1314 1694 Jagd,
1339 1610 1420 1676 aber

244 1715 330 1780 auch
352 1715 410 1780 des
433 1715 557 1780 wilden
579 1717 705 1801 Jagene
727 1717 787 1781 der
810 1709 983 1782 Sohlacht’
1028 1715 1190 1782 Similiter
1212 1718 1300 1781 hanc
1322 1716 1421 1781 belli·

244 1838 355 1886 cosam
371 1821 478 1898 deam,
502 1840 602 1905 quam
615 1827 709 1888 reete
724 1824 885 1906 agnoscit,
907 1817 1188 1905 Schoemannus²)
1212 1841 1232 1886 a
1246 1822 1419 1887 venatrice

243 1926 306 1992 dea
338 1927 507 1993 declinare
542 1932 678 1993 conatus
707 1933 767 1994 est
812 1927 910 1992 Hanc
944 1930 1146 1994 sententiam
1178 1928 1319 2012 probare
1352 1946 1420 1992 non

242 2049 386 2116 possum,
414 2050 491 2097 cum
519 2034 587 2097 alia
613 2035 657 2098 sit
683 2035 826 2116 venatio,
857 2034 949 2098 aliud
977 2033 1119 2099 bellum:
1152 2052 1262 2117 neque
1299 2033 1421 2098 Graeci

243 2139 380 2202 numine
419 2138 593 2221 carebant,
632 2138 719 2220 quod
755 2139 920 2204 bellorum
956 2139 1160 2222 praesidium
1197 2139 1346 2220 haberet,
1382 2141 1421 2200 ut

243 2241 371 2307 Dianae
402 2242 438 2306 id
465 2237 696 2309 commendare
728 2263 809 2328 opus
841 2244 969 2310 fuisset
1013 2243 1133 2326 Itaque
1163 2243 1291 2308 Dianae
1323 2243 1422 2308 belli·

245 2366 356 2412 cosam
385 2353 540 2414 nabuam
569 2367 637 2413 non
669 2369 689 2412 a
716 2351 898 2432 venatoria,
927 2349 987 2414 sed
1017 2349 1059 2414 ab
1091 2349 1152 2413 illa
1173 2349 1362 2432 perniciosa
1386 2353 1420 2412 et
1510 2396 1514 2403 .

243 2453 417 2518 mortifera
439 2453 653 2520 descendisse
670 2471 854 2518 censemus.
898 2456 1063 2536 Accessit,
1086 2454 1174 2537 qnod
1188 2457 1307 2538 gentes
1322 2454 1420 2519 belli·

245 2577 340 2624 cosae
375 2560 462 2624 hanc
495 2560 664 2643 imprimis
690 2549 773 2626 deae
801 2563 955 2624 naturam
985 2560 1086 2624 facile
1113 2559 1279 2644 urgebant
1312 2564 1347 2624 et
1376 2578 1421 2624 ex

244 2665 391 2747 ipsarum
424 2669 544 2730 natura
570 2667 733 2749 paulatim
768 2666 1024 2731 commutabant
1078 2663 1197 2748 Itaque
1231 2670 1350 2750 gentes
1386 2671 1421 2730 et

213 2791 215 2795 ·
246 2768 448 2835 Graecorum
472 2775 506 2834 et
528 2771 705 2836 Arioarum
726 2772 908 2854 nationum,
939 2770 1060 2853 quibus
1082 2771 1176 2836 rudis
1199 2776 1234 2835 et
1256 2771 1421 2836 bellicosa

244 2880 364 2940 natura
401 2876 527 2942 diutius
563 2879 700 2960 inesset,
737 2882 898 2961 tanquam
931 2876 1107 2942 Bellonam
1138 2881 1286 2941 nostram
1321 2876 1421 2941 deam

246 2982 388 3046 coluisse
417 2986 677 3048 consentaneum
705 2988 766 3047 est.
812 2983 915 3048 Cuius
942 2983 1025 3047 deae
1054 3001 1176 3047 nomen
1204 2980 1293 3066 apud
1324 2982 1422 3048 chal-

246 3086 345 3152 daeos
361 3084 602 3154 Semiramis
627 3092 707 3171 erat
731 3089 819 3171 quod
840 3089 932 3153 idem
954 3087 1145 3172 significare
1168 3078 1422 3170 atque'blprsprc

247 3207 347 3275 supra
377 3194 575 3258 notavimus.
628 3190 817 3275 Moversii³)
847 3193 947 3260 laudo
976 3198 1012 3258 et
1033 3212 1159 3278 ¹sequor
1189 3193 1421 3275 divinationes,

247 3299 306 3380 qui
337 3299 509 3381 proprium
542 3299 648 3363 fuisse
683 3300 783 3364 huius
817 3299 900 3365 deae
934 3300 1061 3364 cultum
1093 3304 1189 3384 putat
1226 3300 1422 3384 populorum

246 3407 477 3470 montanorum
500 3403 558 3486 (sc
581 3404 778 3488 Armorum),
802 3406 861 3488 qui
876 3424 921 3470 cx
936 3404 1253 3489 septentrionalibus
1267 3402 1421 3488 partibus

246 3509 283 3572 in
313 3508 493 3592 Euphratis
525 3503 700 3594 tigrisque
727 3512 886 3595 planities
917 3511 1061 3596 profecti
1090 3513 1306 3592 Assyriorum
1334 3509 1423 3573 mili·

246 3617 355 3678 tarem
382 3616 533 3680 ordinem
565 3617 830 3700 complevissent
887 3616 1081 3683 Semhamis
1114 3619 1219 3701 igitur
1249 3616 1322 3697 dea,
1354 3633 1420 3698 qua

247 3718 332 3783 duce
360 3720 591 3803 expeditiones
620 3723 657 3785 in
684 3723 880 3806 longinquas
906 3724 1062 3806 regiones
1092 3741 1129 3787 ee
1157 3740 1315 3806 prospere
1346 3738 1421 3803 per-

247 3823 370 3888 fecisse
395 3824 594 3908 cogitabant,
618 3844 693 3891 cum
715 3827 846 3911 Regina
868 3827 1092 3911 appellaretur
1113 3826 1235 3890 utilia
1257 3824 1421 3890 Thracum

323 4119 344 4188 ¹)
363 4121 397 4177 cf.
416 4121 638 4189 Schocmann,
656 4124 723 4180 Ant.
744 4123 790 4179 Gr.
807 4123 844 4189 Π,
862 4141 890 4194 p.
908 4123 970 4179 477.

322 4205 344 4276 ¹)
362 4209 459 4279 Antiq.
477 4210 524 4266 Gr.
546 4211 587 4275 Π,
607 4229 635 4282 p.
658 4210 723 4266 478:
750 4212 802 4268 Die
824 4213 963 4281 Agrotera
985 4212 1027 4266 ala
1050 4210 1149 4266 acan
1170 4211 1219 4266 des
1237 4209 1421 4272 Waidrrerka,

249 4297 369 4352 welches
383 4297 415 4366 ja
433 4299 505 4354 auch
523 4299 571 4356 ein
581 4299 668 4370 Krieg
685 4302 731 4365 ist,
749 4299 846 4356 echion
862 4299 918 4354 den
933 4298 1072 4356 Griechen
1089 4298 1164 4354 wohl
1175 4298 1317 4368 geeignet,
1334 4297 1422 4352 ihren

250 4386 320 4440 auch
339 4385 469 4442 auidam
487 4386 694 4443 Schlachtfelde
711 4402 804 4458 gagen
822 4386 883 4442 ihre
902 4385 1007 4442 Feinde
1025 4385 1212 4442 bairustehen.

323 4470 345 4541 ⁸)
363 4473 404 4528 De
422 4472 527 4530 Pbocn
545 4472 581 4540 11,
601 4473 627 4542 1,
642 4491 672 4544 p.
689 4472 740 4532 261
759 4476 789 4530 et
807 4472 868 4530 620.
