3367 5192
789 359 828 421 17

222 572 267 634 sit
305 573 339 634 ct
373 571 533 651 quosdam
572 571 671 636 huius
705 571 955 653 antiquissimas
989 571 1208 655 proprietates
1245 572 1395 637 indicare

220 677 375 741 videatur
388 673 422 757 ¹).
473 675 601 741 Eadem
631 693 711 741 vero
726 691 728 696 ·
741 677 814 760 ipsa
843 674 1002 740 Semitica
1030 676 1199 758 Lydorum
1231 678 1394 762 religione

219 782 318 848 valde
348 785 550 846 commutata
581 786 641 864 est,
672 783 708 846 id
735 782 836 872 quod·
853 782 982 848 Attidis
1011 783 1072 848 illa
1099 783 1213 848 fabula
1244 785 1280 848 in
1306 784 1394 849 banc

219 890 419 973 religionem
440 889 560 952 tralata
574 889 699 972 optime
715 888 946 972 comprobatur
957 883 991 970 ²).
1036 887 1101 954 Sed
1117 890 1201 954 haec
1215 892 1394 974 peregrina

221 994 285 1058 dea
305 1013 372 1058 non
394 995 442 1058 ita
464 995 500 1058 in
516 992 717 1058 Graecorum
733 995 972 1077 mythologiam
996 1000 1030 1058 ct
1054 996 1179 1061 cultum
1195 998 1394 1080 irrepsisset,

220 1101 290 1164 nisi
312 1101 433 1164 similis
458 1100 584 1164 otiare
609 1100 725 1164 eedem
749 1120 788 1164 ac
810 1105 926 1165 nostra
941 1099 1142 1166 Graecorum
1165 1101 1229 1166 dea
1252 1104 1394 1185 antiqui·

221 1209 275 1270 tus
298 1206 429 1272 fuisset.
475 1204 665 1271 Titanidum
687 1225 754 1270 una
776 1206 872 1270 Rhea
894 1207 1079 1272 habebatur
1093 1226 1250 1290 sororque
1264 1207 1394 1274 Dionae

221 1315 254 1376 et
275 1311 442 1390 Phoebeo,
473 1331 558 1395 quae
586 1314 724 1377 numine
748 1333 767 1376 a
789 1312 898 1378 Diana
921 1315 1153 1396 antiquissima
1175 1333 1241 1379 non
1263 1315 1396 1380 diversa

221 1415 390 1500 suerunt³)
417 1423 452 1483 et
478 1418 593 1484 Rheae
620 1436 742 1485 nomen
772 1420 859 1503 apud
887 1419 1033 1485 Graecos
1067 1422 1103 1484 in
1132 1421 1218 1484 alius
1249 1423 1395 1486 nominis

221 1526 363 1592 sortasse
394 1525 518 1590 Diones
560 1527 670 1590 locum
711 1527 913 1591 successisse
953 1527 1095 1591 videtur.
1160 1526 1290 1592 Nomen
1327 1529 1395 1592 iam

221 1633 330 1716 ipsum
357 1651 468 1715 neque
494 1632 584 1698 idem
614 1651 653 1696 ac
681 1633 764 1696 Γαῖα
796 1633 963 1716 significat
997 1638 1031 1698 et
1058 1635 1315 1718 transpositione
1349 1653 1394 1699 ex

220 1730 278 1817 ἔρα
311 1739 498 1803 confectum
531 1735 625 1821 est4),
658 1757 768 1820 neque
803 1739 845 1802 ad
878 1739 1026 1803 radicem
1053 1735 1125 1816 ῥευ-
1151 1741 1174 1803 i.
1206 1760 1234 1804 e.
1260 1758 1395 1805 manare

220 1845 433 1910 referendum
456 1864 530 1910 esse
547 1863 668 1910 censeo
677 1839 713 1928 ⁶),
737 1864 812 1909 cum
828 1845 918 1909 aliud
934 1846 979 1909 sit
994 1865 1139 1930 manare,
1163 1845 1254 1910 aliud
1268 1846 1395 1910 fontem

221 1969 309 2016 esse:
332 1971 411 2016 nam
432 1955 591 2034 tanquam
612 1952 739 2016 fontem
762 1953 910 2016 omnium
938 1951 1075 2017 deorum
1104 1955 1138 2016 et
1165 1953 1337 2017 homiuum
1360 1956 1396 2016 et

219 2077 333 2122 rerum
354 2077 476 2123 nomen
498 2058 810 2142 interpretabantur.
856 2056 962 2122 Immo
985 2058 1100 2124 Rheae
1127 2060 1272 2124 nominis
1295 2059 1395 2142 origi·

220 2185 299 2231 nem
326 2185 344 2230 e
369 2164 569 2230 Semitarum
595 2166 711 2249 lingua
738 2164 954 2230 derivandam
983 2184 1059 2230 esse
1087 2165 1237 2249 arbitror,
1265 2167 1301 2229 in
1330 2184 1395 2247 qua

221 2281 293 2350 nen
328 2274 453 2337 sociam
485 2273 543 2338 vel
576 2274 719 2336 amicam
752 2268 964 2355 significat‘h.
1025 2270 1140 2336 Talem
1179 2291 1259 2337 vero
1298 2269 1394 2335 deam

5 2435 8 2478 3,
219 2383 367 2443 nestram
390 2379 589 2463 appellatam
613 2396 687 2442 esse
711 2396 841 2459 censeo,
866 2379 954 2459 quod
977 2378 1077 2442 Oroni
1098 2379 1163 2441 ie.
1177 2375 1255 2440 Beli
1271 2377 1395 2441 coniux

5 2505 6 2508 ¹
221 2485 414 2549 habebatur.

310 2662 465 2726 Alterum
486 2678 567 2725 vero
590 2677 711 2724 nomen
735 2657 885 2739 Cybele
915 2657 1007 2721 illius
1042 2659 1265 2742 oppositivum
1291 2658 1395 2724 fuisse

220 2768 374 2852 videtur,
390 2766 477 2849 quod
500 2766 624 2849 optime
647 2764 740 2847 deae,
771 2781 869 2845 quam
892 2762 980 2844 Lydi
1004 2782 1024 2825 a
1044 2763 1237 2848 Phrygibus
1260 2783 1397 2849 recepe·

220 2878 309 2958 runt,
332 2874 496 2954 convenit,
520 2891 596 2936 cum
618 2871 709 2935 idem
731 2870 867 2934 notione
891 2869 936 2932 sit
958 2872 1058 2951 atque
1071 2863 1252 2950 Ἀρτέμιδος
1266 2889 1397 2954 nomen,

220 2999 341 3064 nempe
362 2970 519 3044 ‘excelsa'
548 2997 593 3042 sc.
623 2977 694 3042 dea.
739 2975 834 3040 Haec
861 2975 1093 3058 interpretatio
1120 2974 1285 3057 Hesychii
1320 2977 1394 3042 loco

220 3088 380 3170 firmatur,
416 3087 474 3168 qui
501 3105 528 3152 s.
555 3105 586 3148 r.
620 3077 752 3162 Κύβελα
779 3083 880 3145 haec:
911 3075 1040 3161 κύβελα,
1069 3073 1131 3163 ὄρη
1162 3080 1309 3164 Φρυγίας
1342 3079 1398 3146 καὶ

221 3187 324 3273 ἄντρα
349 3187 404 3254 καὶ
430 3184 581 3271 θάλαμοι,
637 3189 732 3253 Duae
763 3189 867 3270 igitur
899 3186 1053 3250 notiones
1087 3186 1123 3248 in
1159 3185 1273 3250 radice
1314 3170 1395 3270 523,

221 3317 321 3382 quam
348 3297 594 3380 substituimus,
629 3297 745 3359 insunt
779 3293 931 3374 eaedem,
966 3309 1048 3372 quas
1081 3289 1241 3356 Latinum
1274 3312 1397 3358 nomen

221 3395 348 3470 ‘altum'
378 3404 618 3488 complectitur,
646 3419 768 3484 nempe
793 3403 827 3464 et
848 3389 997 3462 ‘summi’
1024 3400 1058 3461 et
1073 3386 1246 3480 ‘profundi
1267 3400 1324 3463 vel
1345 3419 1398 3464 re-

225 3502 356 3576 conditi'
388 3504 502 3592 (ἄντρα
522 3503 577 3572 καὶ
599 3504 764 3589 θάλαμοι).
810 3504 876 3570 Sed
903 3504 956 3568 illi
981 3505 1111 3568 notioni
1137 3505 1214 3588 plus
1236 3507 1397 3570 momenti

299 3806 317 3874 1)
335 3808 369 3863 ei.
387 3807 537 3874 Preller,
556 3807 646 3877 Myth.
665 3805 712 3861 Gr.
730 3805 752 3870 1,
771 3823 799 3875 p.
819 3803 870 3860 527
889 3821 930 3872 sq.

297 3892 318 3963 ²)
337 3895 377 3950 De
395 3896 501 3951 Attidis
524 3895 621 3951 sabulo
645 3893 769 3949 conterre
793 3893 862 3948 licet
882 3892 925 3948 Fr.
945 3890 1167 3960 Lenormant,
1192 3890 1244 3947 Die
1265 3891 1397 3962 intinge

223 3985 273 4039 der
291 3983 395 4040 Cultus.
431 3984 453 4038 1.
472 4002 499 4053 p.
518 3983 570 4038 249
588 4000 629 4051 sq.

297 4070 319 4141 ¹)
338 4073 373 4128 cf.
392 4072 464 4127 Phil.
483 4072 564 4142 Bybl.
587 4072 622 4127 t'r.
641 4071 666 4138 2,
691 4069 726 4125 20
745 4070 787 4140 (0.
806 4067 966 4131 Mueller,
990 4067 1023 4121 fr.
1041 4068 1106 4123 bist.
1130 4067 1177 4124 Gr.
1197 4067 1246 4137 ΙΙΙ,
1271 4086 1299 4137 p.
1319 4068 1395 4138 568):

222 4157 322 4232 Κρόνῳ
345 4155 376 4213 δὲ
397 4155 520 4228 ἐγένοντο
542 4153 600 4213 ἄπο
613 4154 757 4228 ’Δατάμης
776 4152 926 4226 metipso
948 4149 1018 4206 tuta
1037 4154 1178 4216 Tcruvldre
1199 4145 1217 4222 ἦ
1239 4151 1394 4224 Ἀρτέμιδες.

223 4248 392 4312 Weloker‚
410 4247 461 4303 'I¹h.
480 4245 527 4302 Gr.
546 4246 569 4316 I,
586 4265 614 4318 p.
635 4245 695 4302 148.

296 4335 318 4405 ⁴)
336 4337 371 4392 cf.
389 4336 542 4405 Preller,
561 4336 649 4406 Myth.
668 4334 715 4392 Gr.
734 4335 756 4401 I,
775 4352 803 4404 p.
822 4332 883 4387 526.

296 4423 319 4493 ⁸)
338 4426 411 4482 Plot.
430 4424 504 4481 Orat.
523 4443 551 4495 p·
570 4423 622 4478 402
640 4424 672 4480 Β.
707 4423 751 4478 Et.
771 4423 808 4478 M.
827 4438 848 4477 s.
866 4419 894 4475 h.
912 4436 940 4475 r.
1033 4429 1037 4436 ’

296 4512 319 4582 ⁸)
339 4515 374 4570 ci.
392 4514 494 4571 Psalm.
512 4514 556 4580 45,
574 4530 601 4568 v.
621 4511 663 4568 15.
