<?xml version="1.0" encoding="UTF-8"?>
<!DOCTYPE html PUBLIC "-//W3C//DTD XHTML 1.0 Transitional//EN"
    "http://www.w3.org/TR/xhtml1/DTD/xhtml1-transitional.dtd">
<html xmlns="http://www.w3.org/1999/xhtml" xml:lang="en" lang="en">
 <head>
  <title>
</title>
<meta http-equiv="Content-Type" content="text/html;charset=utf-8" />
  <meta name='ocr-system' content='tesseract 3.04.00' />
  <meta name='ocr-capabilities' content='ocr_page ocr_carea ocr_par ocr_line ocrx_word'/>
</head>
<body>
  <div class='ocr_page' id='page_1' title='image "./dedianaeantiqui01claugoog_0074.png"; bbox 0 0 3367 5192; ppageno 0'>
   <div class='ocr_carea' id='block_1_1' title="bbox 839 348 882 410">
    <p class='ocr_par' dir='ltr' id='par_1_1' title="bbox 839 348 882 410">
     <span class='ocr_line' id='line_1_1' title="bbox 839 348 882 410; baseline -0.023 0"><span class='ocrx_word' id='word_1_1' title='bbox 839 348 882 410; x_wconf 87' lang='grc'>66</span> 
     </span>
    </p>
   </div>
   <div class='ocr_carea' id='block_1_2' title="bbox 222 555 1444 2020">
    <p class='ocr_par' dir='ltr' id='par_1_2' title="bbox 222 555 1444 1167">
     <span class='ocr_line' id='line_1_2' title="bbox 269 555 1443 642; baseline -0.001 -19"><span class='ocrx_word' id='word_1_2' title='bbox 269 557 377 623; x_wconf 77' lang='lat' dir='ltr'>Iliade</span> <span class='ocrx_word' id='word_1_3' title='bbox 399 555 524 638; x_wconf 87' lang='lat' dir='ltr'>ubique</span> <span class='ocrx_word' id='word_1_4' title='bbox 548 556 772 620; x_wconf 85' lang='lat' dir='ltr'>adversariam</span> <span class='ocrx_word' id='word_1_5' title='bbox 795 561 948 621; x_wconf 85' lang='lat' dir='ltr'>naturam</span> <span class='ocrx_word' id='word_1_6' title='bbox 970 557 1118 642; x_wconf 84' lang='lat' dir='ltr'>praebet</span> <span class='ocrx_word' id='word_1_7' title='bbox 1162 556 1293 622; x_wconf 88' lang='lat' dir='ltr'>Deinde</span> <span class='ocrx_word' id='word_1_8' title='bbox 1315 559 1443 623; x_wconf 91' lang='lat' dir='ltr'>scoliou</span> 
     </span>
     <span class='ocr_line' id='line_1_3' title="bbox 269 655 1443 745; baseline -0.003 -17"><span class='ocrx_word' id='word_1_9' title='bbox 269 659 396 743; x_wconf 59' lang='lat' dir='ltr'>verae)</span> <span class='ocrx_word' id='word_1_10' title='bbox 430 665 532 745; x_wconf 85' lang='lat' dir='ltr'>extat,</span> <span class='ocrx_word' id='word_1_11' title='bbox 565 662 651 744; x_wconf 91' lang='lat' dir='ltr'>qnod</span> <span class='ocrx_word' id='word_1_12' title='bbox 678 657 881 743; x_wconf 60' lang='lat' dir='ltr'>Dianam&amp;</span> <span class='ocrx_word' id='word_1_13' title='bbox 911 661 1078 744; x_wconf 73' lang='grc' dir='ltr'><em>γυναικοῖν</em></span> <span class='ocrx_word' id='word_1_14' title='bbox 1108 655 1190 743; x_wconf 68' lang='grc' dir='ltr'>μέγα</span> <span class='ocrx_word' id='word_1_15' title='bbox 1221 656 1283 744; x_wconf 78' lang='grc' dir='ltr'>ἔχει</span> <span class='ocrx_word' id='word_1_16' title='bbox 1313 657 1443 742; x_wconf 71' lang='grc' dir='ltr'><strong>κράτος,</strong></span> 
     </span>
     <span class='ocr_line' id='line_1_4' title="bbox 269 764 1440 855; baseline -0.002 -22"><span class='ocrx_word' id='word_1_17' title='bbox 269 769 447 855; x_wconf 85' lang='lat' dir='ltr'>praedicat.</span> <span class='ocrx_word' id='word_1_18' title='bbox 491 766 764 832; x_wconf 86' lang='lat' dir='ltr'>Praeclarissime</span> <span class='ocrx_word' id='word_1_19' title='bbox 786 785 867 832; x_wconf 80' lang='lat' dir='ltr'>vero</span> <span class='ocrx_word' id='word_1_20' title='bbox 890 765 1070 851; x_wconf 84' lang='lat' dir='ltr'>Sophocles</span> <span class='ocrx_word' id='word_1_21' title='bbox 1093 764 1296 850; x_wconf 64' lang='grc'>(091263,</span> <span class='ocrx_word' id='word_1_22' title='bbox 1318 785 1350 830; x_wconf 79' lang='lat' dir='ltr'>r.</span> <span class='ocrx_word' id='word_1_23' title='bbox 1375 767 1440 831; x_wconf 80' lang='lat'>160</span> 
     </span>
     <span class='ocr_line' id='line_1_5' title="bbox 269 871 1444 960; baseline -0.003 -20"><span class='ocrx_word' id='word_1_24' title='bbox 269 872 353 960; x_wconf 89' lang='lat' dir='ltr'><strong>sqq.)</strong></span> <span class='ocrx_word' id='word_1_25' title='bbox 398 873 526 938; x_wconf 83' lang='lat' dir='ltr'>Dianae</span> <span class='ocrx_word' id='word_1_26' title='bbox 557 873 643 937; x_wconf 87' lang='lat' dir='ltr'>hanc</span> <span class='ocrx_word' id='word_1_27' title='bbox 673 878 826 938; x_wconf 83' lang='lat' dir='ltr'>naturam</span> <span class='ocrx_word' id='word_1_28' title='bbox 854 873 1098 954; x_wconf 80' lang='lat' dir='ltr'>mulierumque</span> <span class='ocrx_word' id='word_1_29' title='bbox 1125 872 1257 938; x_wconf 87' lang='lat' dir='ltr'>labores</span> <span class='ocrx_word' id='word_1_30' title='bbox 1282 871 1444 938; x_wconf 75' lang='lat' dir='ltr'><strong>describit</strong></span> 
     </span>
     <span class='ocr_line' id='line_1_6' title="bbox 270 977 1440 1063; baseline -0.003 -18"><span class='ocrx_word' id='word_1_31' title='bbox 270 985 304 1046; x_wconf 85' lang='lat' dir='ltr'>et</span> <span class='ocrx_word' id='word_1_32' title='bbox 326 980 410 1045; x_wconf 79' lang='lat' dir='ltr'>&lt;leae</span> <span class='ocrx_word' id='word_1_33' title='bbox 434 979 677 1063; x_wconf 80' lang='lat' dir='ltr'>supplicantem</span> <span class='ocrx_word' id='word_1_34' title='bbox 700 983 735 1044; x_wconf 93' lang='lat' dir='ltr'>et</span> <span class='ocrx_word' id='word_1_35' title='bbox 757 979 991 1062; x_wconf 77' lang='lat' dir='ltr'>implorantem</span> <span class='ocrx_word' id='word_1_36' title='bbox 1007 980 1145 1043; x_wconf 86' lang='lat' dir='ltr'>chorum</span> <span class='ocrx_word' id='word_1_37' title='bbox 1158 977 1250 1061; x_wconf 82' lang='lat' dir='ltr'>facit,</span> <span class='ocrx_word' id='word_1_38' title='bbox 1272 980 1310 1041; x_wconf 89' lang='lat' dir='ltr'>ut</span> <span class='ocrx_word' id='word_1_39' title='bbox 1325 997 1440 1062; x_wconf 81' lang='lat' dir='ltr'>aegro-</span> 
     </span>
     <span class='ocr_line' id='line_1_7' title="bbox 222 1084 1354 1167; baseline -0.004 -16"><span class='ocrx_word' id='word_1_40' title='bbox 222 1150 226 1159; x_wconf 76' lang='grc'><strong>,</strong></span> <span class='ocrx_word' id='word_1_41' title='bbox 266 1091 318 1151; x_wconf 87' lang='lat' dir='ltr'>tas</span> <span class='ocrx_word' id='word_1_42' title='bbox 340 1085 470 1151; x_wconf 86' lang='lat' dir='ltr'>reficiat</span> <span class='ocrx_word' id='word_1_43' title='bbox 492 1085 635 1150; x_wconf 85' lang='lat' dir='ltr'>feminas</span> <span class='ocrx_word' id='word_1_44' title='bbox 657 1084 765 1154; x_wconf 86' lang='lat' dir='ltr'>Diana</span> <span class='ocrx_word' id='word_1_45' title='bbox 788 1085 996 1167; x_wconf 77' lang='lat' dir='ltr'>salutemque</span> <span class='ocrx_word' id='word_1_46' title='bbox 1018 1084 1164 1167; x_wconf 83' lang='lat' dir='ltr'>benigue</span> <span class='ocrx_word' id='word_1_47' title='bbox 1185 1085 1354 1148; x_wconf 88' lang='lat' dir='ltr'>restituat:</span> 
     </span>
    </p>

    <p class='ocr_par' dir='ltr' id='par_1_3' title="bbox 419 1182 1265 1271">
     <span class='ocr_line' id='line_1_8' title="bbox 419 1182 1265 1271; baseline 0 -19"><span class='ocrx_word' id='word_1_48' title='bbox 419 1182 519 1253; x_wconf 75' lang='grc' dir='ltr'><strong><em>παιὰν</em></strong></span> <span class='ocrx_word' id='word_1_49' title='bbox 541 1183 576 1251; x_wconf 78' lang='grc' dir='ltr'>δὲ</span> <span class='ocrx_word' id='word_1_50' title='bbox 598 1183 713 1270; x_wconf 77' lang='grc' dir='ltr'><strong><em>λάμπει</em></strong></span> <span class='ocrx_word' id='word_1_51' title='bbox 735 1183 911 1252; x_wconf 70' lang='grc' dir='ltr'>στονόεσσα)</span> <span class='ocrx_word' id='word_1_52' title='bbox 930 1208 965 1252; x_wconf 81' lang='grc' dir='ltr'>τε</span> <span class='ocrx_word' id='word_1_53' title='bbox 985 1187 1090 1271; x_wconf 75' lang='grc' dir='ltr'><em>γῆρυς</em></span> <span class='ocrx_word' id='word_1_54' title='bbox 1110 1182 1265 1270; x_wconf 67' lang='lat' dir='ltr'>iperii-os·</span> 
     </span>
    </p>

    <p class='ocr_par' dir='ltr' id='par_1_4' title="bbox 419 1278 1050 1372">
     <span class='ocr_line' id='line_1_9' title="bbox 419 1278 1050 1372; baseline 0 -18"><span class='ocrx_word' id='word_1_55' title='bbox 419 1278 467 1354; x_wconf 73' lang='grc' dir='ltr'>ὦν</span> <span class='ocrx_word' id='word_1_56' title='bbox 488 1285 581 1372; x_wconf 79' lang='grc' dir='ltr'><strong>ὕπερ,</strong></span> <span class='ocrx_word' id='word_1_57' title='bbox 604 1279 632 1353; x_wconf 78' lang='grc' dir='ltr'>ω’</span> <span class='ocrx_word' id='word_1_58' title='bbox 654 1285 774 1372; x_wconf 72' lang='grc' dir='ltr'><strong><em>χρυσέα</em></strong></span> <span class='ocrx_word' id='word_1_59' title='bbox 794 1285 939 1372; x_wconf 68' lang='grc' dir='ltr'>θύγατερ</span> <span class='ocrx_word' id='word_1_60' title='bbox 959 1284 1050 1370; x_wconf 75' lang='grc' dir='ltr'><strong>Διὸς,</strong></span> 
     </span>
    </p>

    <p class='ocr_par' dir='ltr' id='par_1_5' title="bbox 419 1387 975 1475">
     <span class='ocr_line' id='line_1_10' title="bbox 419 1387 975 1475; baseline -0.005 -18"><span class='ocrx_word' id='word_1_61' title='bbox 419 1389 531 1457; x_wconf 68' lang='grc' dir='ltr'><strong><em>εὐῶπα</em></strong></span> <span class='ocrx_word' id='word_1_62' title='bbox 552 1388 679 1475; x_wconf 69' lang='grc' dir='ltr'><strong>πέμψον</strong></span> <span class='ocrx_word' id='word_1_63' title='bbox 701 1387 813 1457; x_wconf 71' lang='grc' dir='ltr'><strong>ἀλκάν.</strong></span> <span class='ocrx_word' id='word_1_64' title='bbox 968 1461 975 1468; x_wconf 53' lang='lat'>‚</span> 
     </span>
    </p>

    <p class='ocr_par' dir='ltr' id='par_1_6' title="bbox 264 1512 1441 2020">
     <span class='ocr_line' id='line_1_11' title="bbox 355 1512 1440 1602; baseline 0 -23"><span class='ocrx_word' id='word_1_65' title='bbox 355 1515 483 1591; x_wconf 75' lang='lat' dir='ltr'>Quibus</span> <span class='ocrx_word' id='word_1_66' title='bbox 506 1515 618 1579; x_wconf 87' lang='lat' dir='ltr'>verbis</span> <span class='ocrx_word' id='word_1_67' title='bbox 641 1533 708 1578; x_wconf 91' lang='lat' dir='ltr'>non</span> <span class='ocrx_word' id='word_1_68' title='bbox 731 1515 838 1578; x_wconf 88' lang='lat' dir='ltr'>solum</span> <span class='ocrx_word' id='word_1_69' title='bbox 861 1513 1004 1577; x_wconf 85' lang='lat' dir='ltr'>nocendi</span> <span class='ocrx_word' id='word_1_70' title='bbox 1027 1518 1061 1578; x_wconf 91' lang='lat' dir='ltr'>et</span> <span class='ocrx_word' id='word_1_71' title='bbox 1082 1512 1249 1602; x_wconf 87' lang='lat' dir='ltr'>perdendi</span> <span class='ocrx_word' id='word_1_72' title='bbox 1259 1513 1318 1578; x_wconf 89' lang='lat' dir='ltr'>sed</span> <span class='ocrx_word' id='word_1_73' title='bbox 1336 1516 1440 1579; x_wconf 87' lang='lat' dir='ltr'>etiam</span> 
     </span>
     <span class='ocr_line' id='line_1_12' title="bbox 267 1618 1439 1703; baseline -0.001 -17"><span class='ocrx_word' id='word_1_74' title='bbox 267 1621 445 1686; x_wconf 85' lang='lat' dir='ltr'>adiuvandi</span> <span class='ocrx_word' id='word_1_75' title='bbox 467 1620 661 1684; x_wconf 83' lang='lat' dir='ltr'>facultatem</span> <span class='ocrx_word' id='word_1_76' title='bbox 675 1619 803 1683; x_wconf 88' lang='lat' dir='ltr'>Dianae</span> <span class='ocrx_word' id='word_1_77' title='bbox 826 1636 902 1683; x_wconf 90' lang='lat' dir='ltr'>esse</span> <span class='ocrx_word' id='word_1_78' title='bbox 916 1619 1083 1703; x_wconf 87' lang='lat' dir='ltr'>probatur,</span> <span class='ocrx_word' id='word_1_79' title='bbox 1107 1618 1142 1682; x_wconf 92' lang='lat' dir='ltr'>id</span> <span class='ocrx_word' id='word_1_80' title='bbox 1163 1618 1250 1700; x_wconf 85' lang='lat' dir='ltr'>quod</span> <span class='ocrx_word' id='word_1_81' title='bbox 1264 1624 1439 1702; x_wconf 84' lang='lat' dir='ltr'>praeterea</span> 
     </span>
     <span class='ocr_line' id='line_1_13' title="bbox 267 1717 1441 1810; baseline -0.003 -19"><span class='ocrx_word' id='word_1_82' title='bbox 267 1727 462 1810; x_wconf 85' lang='lat' dir='ltr'>cognomina</span> <span class='ocrx_word' id='word_1_83' title='bbox 477 1727 582 1790; x_wconf 87' lang='lat' dir='ltr'>multa</span> <span class='ocrx_word' id='word_1_84' title='bbox 596 1726 755 1807; x_wconf 81' lang='lat' dir='ltr'>iudicant,</span> <span class='ocrx_word' id='word_1_85' title='bbox 770 1726 866 1790; x_wconf 85' lang='lat' dir='ltr'>velut</span> <span class='ocrx_word' id='word_1_86' title='bbox 880 1718 1052 1807; x_wconf 61' lang='grc' dir='ltr'>εὕλοχος),</span> <span class='ocrx_word' id='word_1_87' title='bbox 1076 1718 1293 1808; x_wconf 49' lang='lat' dir='ltr'>erumpam),</span> <span class='ocrx_word' id='word_1_88' title='bbox 1309 1717 1441 1788; x_wconf 68' lang='grc' dir='ltr'><strong><em>ὀνίδων</em></strong></span> 
     </span>
     <span class='ocr_line' id='line_1_14' title="bbox 265 1824 1441 1915; baseline 0 -21"><span class='ocrx_word' id='word_1_89' title='bbox 265 1825 453 1911; x_wconf 43' lang='lat' dir='ltr'>eoeperit,</span> <span class='ocrx_word' id='word_1_90' title='bbox 484 1825 729 1913; x_wconf 55' lang='lat' dir='ltr'>poyomcuoff),</span> <span class='ocrx_word' id='word_1_91' title='bbox 758 1827 940 1911; x_wconf 62' lang='grc' dir='ltr'>σοωᾶίναΙ).</span> <span class='ocrx_word' id='word_1_92' title='bbox 985 1829 1135 1894; x_wconf 80' lang='lat' dir='ltr'>Eandem</span> <span class='ocrx_word' id='word_1_93' title='bbox 1163 1824 1325 1913; x_wconf 78' lang='lat' dir='ltr'>partuum</span> <span class='ocrx_word' id='word_1_94' title='bbox 1345 1849 1441 1915; x_wconf 89' lang='lat' dir='ltr'>prae·</span> 
     </span>
     <span class='ocr_line' id='line_1_15' title="bbox 264 1932 1436 2020; baseline 0 -21"><span class='ocrx_word' id='word_1_95' title='bbox 264 1936 370 2000; x_wconf 88' lang='lat' dir='ltr'>sidem</span> <span class='ocrx_word' id='word_1_96' title='bbox 399 1936 525 2000; x_wconf 87' lang='lat' dir='ltr'>indicat</span> <span class='ocrx_word' id='word_1_97' title='bbox 552 1935 644 2015; x_wconf 76' lang='grc' dir='ltr'><strong><em>λοχία</em></strong></span> <span class='ocrx_word' id='word_1_98' title='bbox 672 1932 972 2019; x_wconf 62' lang='lat' dir='ltr'>cognomentum),</span> <span class='ocrx_word' id='word_1_99' title='bbox 1009 1936 1151 2001; x_wconf 87' lang='lat' dir='ltr'>eandem</span> <span class='ocrx_word' id='word_1_100' title='bbox 1176 1934 1288 2001; x_wconf 86' lang='lat' dir='ltr'>Latini</span> <span class='ocrx_word' id='word_1_101' title='bbox 1318 1940 1436 2020; x_wconf 87' lang='lat' dir='ltr'>poetae</span> 
     </span>
    </p>
   </div>
   <div class='ocr_carea' id='block_1_3' title="bbox 239 2147 1440 2550">
    <p class='ocr_par' dir='ltr' id='par_1_7' title="bbox 239 2147 1440 2550">
     <span class='ocr_line' id='line_1_16' title="bbox 265 2147 1438 2233; baseline -0.001 -21"><span class='ocrx_word' id='word_1_102' title='bbox 265 2148 455 2229; x_wconf 80' lang='lat' dir='ltr'>Aeschylus</span> <span class='ocrx_word' id='word_1_103' title='bbox 478 2151 590 2212; x_wconf 88' lang='lat' dir='ltr'>autem</span> <span class='ocrx_word' id='word_1_104' title='bbox 612 2149 649 2210; x_wconf 88' lang='lat' dir='ltr'>iu</span> <span class='ocrx_word' id='word_1_105' title='bbox 671 2148 869 2233; x_wconf 86' lang='lat' dir='ltr'>appellanda</span> <span class='ocrx_word' id='word_1_106' title='bbox 898 2149 961 2212; x_wconf 89' lang='lat' dir='ltr'>hac</span> <span class='ocrx_word' id='word_1_107' title='bbox 983 2147 1092 2212; x_wconf 88' lang='lat' dir='ltr'>Diana</span> <span class='ocrx_word' id='word_1_108' title='bbox 1114 2151 1310 2233; x_wconf 86' lang='lat' dir='ltr'>cognomine</span> <span class='ocrx_word' id='word_1_109' title='bbox 1332 2150 1438 2212; x_wconf 87' lang='lat' dir='ltr'>utitur</span> 
     </span>
     <span class='ocr_line' id='line_1_17' title="bbox 239 2244 1437 2337; baseline 0.001 -21"><span class='ocrx_word' id='word_1_110' title='bbox 239 2291 243 2298; x_wconf 92' lang='lat'><em>-</em></span> <span class='ocrx_word' id='word_1_111' title='bbox 267 2244 444 2336; x_wconf 74' lang='lat' dir='ltr'>‘Euciaq9⁹),</span> <span class='ocrx_word' id='word_1_112' title='bbox 472 2271 536 2335; x_wconf 89' lang='lat' dir='ltr'>quc</span> <span class='ocrx_word' id='word_1_113' title='bbox 559 2251 775 2318; x_wconf 85' lang='lat' dir='ltr'>vestutiorem</span> <span class='ocrx_word' id='word_1_114' title='bbox 796 2253 925 2318; x_wconf 87' lang='lat' dir='ltr'>Dianae</span> <span class='ocrx_word' id='word_1_115' title='bbox 948 2254 1089 2318; x_wconf 82' lang='lat' dir='ltr'>formam</span> <span class='ocrx_word' id='word_1_116' title='bbox 1111 2255 1274 2321; x_wconf 88' lang='lat' dir='ltr'>exhibere</span> <span class='ocrx_word' id='word_1_117' title='bbox 1296 2255 1437 2337; x_wconf 78' lang='lat' dir='ltr'>videtin,</span> 
     </span>
     <span class='ocr_line' id='line_1_18' title="bbox 267 2359 1440 2444; baseline 0.001 -22"><span class='ocrx_word' id='word_1_118' title='bbox 267 2377 342 2422; x_wconf 89' lang='lat' dir='ltr'>oum</span> <span class='ocrx_word' id='word_1_119' title='bbox 368 2359 515 2423; x_wconf 86' lang='lat' dir='ltr'>nondum</span> <span class='ocrx_word' id='word_1_120' title='bbox 542 2360 636 2423; x_wconf 86' lang='lat' dir='ltr'>illam</span> <span class='ocrx_word' id='word_1_121' title='bbox 659 2360 700 2424; x_wconf 84' lang='lat' dir='ltr'>ab</span> <span class='ocrx_word' id='word_1_122' title='bbox 724 2360 854 2424; x_wconf 86' lang='lat' dir='ltr'>Hecata</span> <span class='ocrx_word' id='word_1_123' title='bbox 876 2360 1054 2444; x_wconf 84' lang='lat' dir='ltr'>disiungat.</span> <span class='ocrx_word' id='word_1_124' title='bbox 1100 2360 1210 2425; x_wconf 91' lang='lat' dir='ltr'>Huius</span> <span class='ocrx_word' id='word_1_125' title='bbox 1233 2360 1360 2425; x_wconf 87' lang='lat' dir='ltr'>Dianae</span> <span class='ocrx_word' id='word_1_126' title='bbox 1382 2360 1440 2424; x_wconf 82' lang='lat' dir='ltr'>vel</span> 
     </span>
     <span class='ocr_line' id='line_1_19' title="bbox 264 2463 1436 2550; baseline 0.002 -22"><span class='ocrx_word' id='word_1_127' title='bbox 264 2463 413 2529; x_wconf 82' lang='lat' dir='ltr'>Hecatae</span> <span class='ocrx_word' id='word_1_128' title='bbox 446 2465 569 2549; x_wconf 77' lang='lat' dir='ltr'>figuras</span> <span class='ocrx_word' id='word_1_129' title='bbox 605 2466 646 2529; x_wconf 89' lang='lat' dir='ltr'>ad</span> <span class='ocrx_word' id='word_1_130' title='bbox 674 2466 789 2530; x_wconf 91' lang='lat' dir='ltr'>domus</span> <span class='ocrx_word' id='word_1_131' title='bbox 818 2485 922 2550; x_wconf 87' lang='lat' dir='ltr'>prope</span> <span class='ocrx_word' id='word_1_132' title='bbox 954 2468 1072 2530; x_wconf 88' lang='lat' dir='ltr'>ianuas</span> <span class='ocrx_word' id='word_1_133' title='bbox 1104 2466 1241 2550; x_wconf 84' lang='lat' dir='ltr'>affigere</span> <span class='ocrx_word' id='word_1_134' title='bbox 1276 2467 1436 2549; x_wconf 85' lang='lat' dir='ltr'>solebant,</span> 
     </span>
    </p>
   </div>
   <div class='ocr_carea' id='block_1_4' title="bbox 260 2561 1437 3283">
    <p class='ocr_par' dir='ltr' id='par_1_8' title="bbox 260 2561 1437 3283">
     <span class='ocr_line' id='line_1_20' title="bbox 262 2561 1433 2653; baseline 0.003 -21"><span class='ocrx_word' id='word_1_135' title='bbox 262 2570 350 2634; x_wconf 87' lang='lat' dir='ltr'>unda</span> <span class='ocrx_word' id='word_1_136' title='bbox 381 2590 502 2635; x_wconf 90' lang='lat' dir='ltr'>nomen</span> <span class='ocrx_word' id='word_1_137' title='bbox 531 2570 803 2653; x_wconf 85' lang='lat' dir='ltr'>Prothyraeae</span> <span class='ocrx_word' id='word_1_138' title='bbox 839 2572 872 2635; x_wconf 91' lang='lat' dir='ltr'>ei</span> <span class='ocrx_word' id='word_1_139' title='bbox 905 2571 1049 2636; x_wconf 84' lang='lat' dir='ltr'>inditum</span> <span class='ocrx_word' id='word_1_140' title='bbox 1081 2575 1141 2636; x_wconf 90' lang='lat' dir='ltr'>est.</span> <span class='ocrx_word' id='word_1_141' title='bbox 1198 2561 1335 2635; x_wconf 82' lang='lat' dir='ltr'>Natura</span> <span class='ocrx_word' id='word_1_142' title='bbox 1353 2591 1433 2635; x_wconf 86' lang='lat' dir='ltr'>vero</span> 
     </span>
     <span class='ocr_line' id='line_1_21' title="bbox 263 2675 1437 2769; baseline 0.003 -31"><span class='ocrx_word' id='word_1_143' title='bbox 263 2675 362 2740; x_wconf 85' lang='lat' dir='ltr'>huius</span> <span class='ocrx_word' id='word_1_144' title='bbox 394 2677 476 2741; x_wconf 87' lang='lat' dir='ltr'>deae</span> <span class='ocrx_word' id='word_1_145' title='bbox 510 2677 620 2742; x_wconf 73' lang='lat' dir='ltr'>nunus</span> <span class='ocrx_word' id='word_1_146' title='bbox 650 2678 790 2760; x_wconf 85' lang='lat' dir='ltr'>lunaris,</span> <span class='ocrx_word' id='word_1_147' title='bbox 825 2696 925 2758; x_wconf 86' lang='lat' dir='ltr'>quam</span> <span class='ocrx_word' id='word_1_148' title='bbox 960 2677 1115 2769; x_wconf 78' lang='lat' dir='ltr'>genitalis</span> <span class='ocrx_word' id='word_1_149' title='bbox 1144 2680 1228 2761; x_wconf 85' lang='lat' dir='ltr'>erat,</span> <span class='ocrx_word' id='word_1_150' title='bbox 1263 2679 1357 2741; x_wconf 71' lang='lat' dir='ltr'>ciricis</span> <span class='ocrx_word' id='word_1_151' title='bbox 1386 2679 1437 2741; x_wconf 91' lang='lat' dir='ltr'>rei</span> 
     </span>
     <span class='ocr_line' id='line_1_22' title="bbox 262 2777 1435 2867; baseline 0.003 -24"><span class='ocrx_word' id='word_1_152' title='bbox 262 2777 425 2864; x_wconf 80' lang='lat' dir='ltr'>Orphicus</span> <span class='ocrx_word' id='word_1_153' title='bbox 447 2784 484 2845; x_wconf 94' lang='lat' dir='ltr'>in</span> <span class='ocrx_word' id='word_1_154' title='bbox 498 2782 738 2863; x_wconf 82' lang='lat' dir='ltr'>Prothyreeam</span> <span class='ocrx_word' id='word_1_155' title='bbox 760 2784 905 2863; x_wconf 88' lang='lat' dir='ltr'>hymnus</span> <span class='ocrx_word' id='word_1_156' title='bbox 929 2781 989 2865; x_wconf 88' lang='grc' dir='ltr'>(Π)</span> <span class='ocrx_word' id='word_1_157' title='bbox 1012 2786 1207 2866; x_wconf 83' lang='lat' dir='ltr'>argumenta</span> <span class='ocrx_word' id='word_1_158' title='bbox 1228 2783 1374 2867; x_wconf 83' lang='lat' dir='ltr'>praebet,</span> <span class='ocrx_word' id='word_1_159' title='bbox 1398 2784 1435 2846; x_wconf 92' lang='lat' dir='ltr'>iu</span> 
     </span>
     <span class='ocr_line' id='line_1_23' title="bbox 262 2883 1435 2972; baseline 0.003 -24"><span class='ocrx_word' id='word_1_160' title='bbox 262 2903 326 2965; x_wconf 92' lang='lat' dir='ltr'>quo</span> <span class='ocrx_word' id='word_1_161' title='bbox 350 2886 412 2949; x_wconf 86' lang='lat' dir='ltr'>dea</span> <span class='ocrx_word' id='word_1_162' title='bbox 434 2887 507 2970; x_wconf 89' lang='lat' dir='ltr'>ipse</span> <span class='ocrx_word' id='word_1_163' title='bbox 520 2883 667 2969; x_wconf 73' lang='grc' dir='ltr'>’Ἄρτεμις</span> <span class='ocrx_word' id='word_1_164' title='bbox 687 2887 857 2952; x_wconf 61' lang='lat' dir='ltr'>illiricum</span> <span class='ocrx_word' id='word_1_165' title='bbox 878 2889 1076 2953; x_wconf 86' lang='lat' dir='ltr'>nominatur.</span> <span class='ocrx_word' id='word_1_166' title='bbox 1110 2886 1206 2952; x_wconf 87' lang='lat' dir='ltr'>Nihil</span> <span class='ocrx_word' id='word_1_167' title='bbox 1224 2889 1260 2951; x_wconf 93' lang='lat' dir='ltr'>in</span> <span class='ocrx_word' id='word_1_168' title='bbox 1282 2907 1321 2952; x_wconf 91' lang='lat' dir='ltr'>eo</span> <span class='ocrx_word' id='word_1_169' title='bbox 1338 2889 1435 2972; x_wconf 84' lang='lat' dir='ltr'>inest,</span> 
     </span>
     <span class='ocr_line' id='line_1_24' title="bbox 262 2990 1434 3075; baseline 0.003 -22"><span class='ocrx_word' id='word_1_170' title='bbox 262 2991 348 3072; x_wconf 91' lang='lat' dir='ltr'>quod</span> <span class='ocrx_word' id='word_1_171' title='bbox 377 2990 418 3054; x_wconf 88' lang='lat' dir='ltr'>ad</span> <span class='ocrx_word' id='word_1_172' title='bbox 447 2993 546 3055; x_wconf 86' lang='lat' dir='ltr'>lunae</span> <span class='ocrx_word' id='word_1_173' title='bbox 575 2992 670 3072; x_wconf 89' lang='lat' dir='ltr'>quasi</span> <span class='ocrx_word' id='word_1_174' title='bbox 697 2994 863 3075; x_wconf 85' lang='lat' dir='ltr'>magicam</span> <span class='ocrx_word' id='word_1_175' title='bbox 888 2994 926 3056; x_wconf 93' lang='lat' dir='ltr'>in</span> <span class='ocrx_word' id='word_1_176' title='bbox 948 2994 1108 3058; x_wconf 90' lang='lat' dir='ltr'>mulieres</span> <span class='ocrx_word' id='word_1_177' title='bbox 1130 2996 1200 3057; x_wconf 90' lang='lat' dir='ltr'>vim</span> <span class='ocrx_word' id='word_1_178' title='bbox 1221 2993 1434 3058; x_wconf 87' lang='lat' dir='ltr'>referendum</span> 
     </span>
     <span class='ocr_line' id='line_1_25' title="bbox 261 3092 1433 3182; baseline 0.003 -24"><span class='ocrx_word' id='word_1_179' title='bbox 261 3096 313 3177; x_wconf 86' lang='lat' dir='ltr'>sit,</span> <span class='ocrx_word' id='word_1_180' title='bbox 338 3114 437 3177; x_wconf 87' lang='lat' dir='ltr'>quam</span> <span class='ocrx_word' id='word_1_181' title='bbox 458 3097 560 3161; x_wconf 90' lang='lat' dir='ltr'>totius</span> <span class='ocrx_word' id='word_1_182' title='bbox 583 3097 681 3161; x_wconf 89' lang='lat' dir='ltr'>huius</span> <span class='ocrx_word' id='word_1_183' title='bbox 701 3097 874 3180; x_wconf 82' lang='lat' dir='ltr'>religionis</span> <span class='ocrx_word' id='word_1_184' title='bbox 891 3097 1142 3164; x_wconf 87' lang='lat' dir='ltr'>fundamentum</span> <span class='ocrx_word' id='word_1_185' title='bbox 1158 3117 1232 3163; x_wconf 91' lang='lat' dir='ltr'>esse</span> <span class='ocrx_word' id='word_1_186' title='bbox 1248 3092 1433 3182; x_wconf 80' lang='lat' dir='ltr'>mythologi</span> 
     </span>
     <span class='ocr_line' id='line_1_26' title="bbox 260 3198 583 3283; baseline 0.012 -22"><span class='ocrx_word' id='word_1_187' title='bbox 260 3198 344 3262; x_wconf 86' lang='lat' dir='ltr'>falso</span> <span class='ocrx_word' id='word_1_188' title='bbox 367 3198 583 3283; x_wconf 79' lang='lat' dir='ltr'>putabant10).</span> 
     </span>
    </p>
   </div>
   <div class='ocr_carea' id='block_1_5' title="bbox 194 3425 1432 4556">
    <p class='ocr_par' dir='ltr' id='par_1_9' title="bbox 333 3425 703 3585">
     <span class='ocr_line' id='line_1_27' title="bbox 335 3425 703 3496; baseline 0.011 -16"><span class='ocrx_word' id='word_1_189' title='bbox 335 3425 356 3494; x_wconf 82' lang='grc'>1)</span> <span class='ocrx_word' id='word_1_190' title='bbox 375 3426 458 3496; x_wconf 80' lang='lat' dir='ltr'>Apud</span> <span class='ocrx_word' id='word_1_191' title='bbox 476 3427 578 3482; x_wconf 85' lang='lat' dir='ltr'>Athen.</span> <span class='ocrx_word' id='word_1_192' title='bbox 599 3428 641 3494; x_wconf 87' lang='lat'>15,</span> <span class='ocrx_word' id='word_1_193' title='bbox 660 3427 703 3484; x_wconf 85' lang='lat'>50.</span> 
     </span>
     <span class='ocr_line' id='line_1_28' title="bbox 333 3512 620 3585; baseline -0.021 -11"><span class='ocrx_word' id='word_1_194' title='bbox 333 3512 354 3574; x_wconf 78' lang='lat'>²)</span> <span class='ocrx_word' id='word_1_195' title='bbox 374 3515 438 3570; x_wconf 83' lang='lat' dir='ltr'>Eur.</span> <span class='ocrx_word' id='word_1_196' title='bbox 456 3514 541 3585; x_wconf 87' lang='lat' dir='ltr'>Hipp.</span> <span class='ocrx_word' id='word_1_197' title='bbox 562 3517 620 3571; x_wconf 87' lang='grc'>166.</span> 
     </span>
    </p>

    <p class='ocr_par' dir='ltr' id='par_1_10' title="bbox 194 3600 714 3760">
     <span class='ocr_line' id='line_1_29' title="bbox 333 3600 714 3673; baseline 0.016 -17"><span class='ocrx_word' id='word_1_198' title='bbox 333 3600 355 3666; x_wconf 68' lang='grc' dir='ltr'>θ)</span> <span class='ocrx_word' id='word_1_199' title='bbox 374 3603 457 3672; x_wconf 86' lang='lat' dir='ltr'>Hym.</span> <span class='ocrx_word' id='word_1_200' title='bbox 477 3603 563 3673; x_wconf 83' lang='lat' dir='ltr'>Orph.</span> <span class='ocrx_word' id='word_1_201' title='bbox 581 3603 624 3671; x_wconf 89' lang='grc'>36,</span> <span class='ocrx_word' id='word_1_202' title='bbox 643 3623 669 3660; x_wconf 85' lang='lat' dir='ltr'>v.</span> <span class='ocrx_word' id='word_1_203' title='bbox 687 3606 714 3662; x_wconf 83' lang='lat'>8.</span> 
     </span>
     <span class='ocr_line' id='line_1_30' title="bbox 194 3681 534 3760; baseline 0.003 -14"><span class='ocrx_word' id='word_1_204' title='bbox 194 3681 197 3688; x_wconf 66' lang='grc'>’</span> <span class='ocrx_word' id='word_1_205' title='bbox 273 3755 276 3759; x_wconf 46' lang='grc'><strong>,</strong></span> <span class='ocrx_word' id='word_1_206' title='bbox 332 3689 355 3760; x_wconf 86' lang='lat'>⁴)</span> <span class='ocrx_word' id='word_1_207' title='bbox 372 3692 444 3747; x_wconf 87' lang='lat' dir='ltr'>lbid.</span> <span class='ocrx_word' id='word_1_208' title='bbox 462 3711 489 3748; x_wconf 84' lang='lat' dir='ltr'>v.</span> <span class='ocrx_word' id='word_1_209' title='bbox 507 3694 534 3747; x_wconf 84' lang='lat'>4.</span> 
     </span>
    </p>

    <p class='ocr_par' dir='ltr' id='par_1_11' title="bbox 331 3778 1361 3853">
     <span class='ocr_line' id='line_1_31' title="bbox 331 3778 1361 3853; baseline 0.003 -18"><span class='ocrx_word' id='word_1_210' title='bbox 331 3778 354 3848; x_wconf 70' lang='grc' dir='ltr'>ὅ)</span> <span class='ocrx_word' id='word_1_211' title='bbox 374 3781 489 3837; x_wconf 82' lang='lat' dir='ltr'>Theocr.</span> <span class='ocrx_word' id='word_1_212' title='bbox 506 3780 550 3844; x_wconf 85' lang='grc'>27,</span> <span class='ocrx_word' id='word_1_213' title='bbox 568 3781 611 3836; x_wconf 87' lang='grc'>29.</span> <span class='ocrx_word' id='word_1_214' title='bbox 647 3780 689 3836; x_wconf 87' lang='lat' dir='ltr'>De</span> <span class='ocrx_word' id='word_1_215' title='bbox 706 3783 880 3852; x_wconf 76' lang='lat' dir='ltr'>etymologia</span> <span class='ocrx_word' id='word_1_216' title='bbox 897 3783 933 3838; x_wconf 84' lang='lat' dir='ltr'>ci.</span> <span class='ocrx_word' id='word_1_217' title='bbox 951 3781 1094 3853; x_wconf 84' lang='lat' dir='ltr'>Goebel,</span> <span class='ocrx_word' id='word_1_218' title='bbox 1112 3781 1179 3838; x_wconf 77' lang='lat' dir='ltr'>Lex.</span> <span class='ocrx_word' id='word_1_219' title='bbox 1197 3784 1232 3850; x_wconf 90' lang='lat'>11,</span> <span class='ocrx_word' id='word_1_220' title='bbox 1250 3802 1279 3853; x_wconf 92' lang='lat' dir='ltr'>p.</span> <span class='ocrx_word' id='word_1_221' title='bbox 1300 3782 1361 3838; x_wconf 85' lang='grc'>119.</span> 
     </span>
    </p>

    <p class='ocr_par' dir='ltr' id='par_1_12' title="bbox 330 3866 590 3925">
     <span class='ocr_line' id='line_1_32' title="bbox 330 3866 590 3925; baseline 0.004 -1"><span class='ocrx_word' id='word_1_222' title='bbox 330 3866 341 3898; x_wconf 82' lang='lat'>⁶</span> <span class='ocrx_word' id='word_1_223' title='bbox 372 3868 441 3924; x_wconf 72' lang='grc'>(1.1.</span> <span class='ocrx_word' id='word_1_224' title='bbox 461 3867 493 3925; x_wconf 86' lang='lat' dir='ltr'>G.</span> <span class='ocrx_word' id='word_1_225' title='bbox 513 3870 590 3925; x_wconf 83' lang='lat'>1595.</span> 
     </span>
    </p>

    <p class='ocr_par' dir='ltr' id='par_1_13' title="bbox 256 3868 1431 4290">
     <span class='ocr_line' id='line_1_33' title="bbox 332 3868 1430 4027; baseline 0.005 -18"><span class='ocrx_word' id='word_1_226' title='bbox 332 3868 354 4022; x_wconf 67' lang='grc'>7)</span> <span class='ocrx_word' id='word_1_227' title='bbox 374 3956 437 4009; x_wconf 84' lang='lat' dir='ltr'>Eur.</span> <span class='ocrx_word' id='word_1_228' title='bbox 450 3956 545 4026; x_wconf 83' lang='lat' dir='ltr'>Suppl.</span> <span class='ocrx_word' id='word_1_229' title='bbox 558 3975 585 4012; x_wconf 82' lang='lat' dir='ltr'>v.</span> <span class='ocrx_word' id='word_1_230' title='bbox 597 3955 658 4012; x_wconf 84' lang='grc'><strong>956.</strong></span> <span class='ocrx_word' id='word_1_231' title='bbox 687 3955 716 4011; x_wconf 82' lang='lat'>0.</span> <span class='ocrx_word' id='word_1_232' title='bbox 729 3956 750 4011; x_wconf 91' lang='grc' dir='ltr'>Ι.</span> <span class='ocrx_word' id='word_1_233' title='bbox 764 3955 797 4012; x_wconf 80' lang='lat' dir='ltr'>G.</span> <span class='ocrx_word' id='word_1_234' title='bbox 809 3956 888 4024; x_wconf 87' lang='grc'><strong>3362,</strong></span> <span class='ocrx_word' id='word_1_235' title='bbox 907 3957 977 4013; x_wconf 85' lang='grc'><strong>7032</strong></span> <span class='ocrx_word' id='word_1_236' title='bbox 982 3980 989 4024; x_wconf 88' lang='grc'><strong>;</strong></span> <span class='ocrx_word' id='word_1_237' title='bbox 1007 3957 1096 4024; x_wconf 78' lang='grc' dir='ltr'><em>λοχεία</em></span> <span class='ocrx_word' id='word_1_238' title='bbox 1113 3958 1152 4015; x_wconf 62' lang='grc'>0.</span> <span class='ocrx_word' id='word_1_239' title='bbox 1161 3960 1183 4013; x_wconf 94' lang='grc' dir='ltr'>Ι.</span> <span class='ocrx_word' id='word_1_240' title='bbox 1196 3957 1229 4015; x_wconf 84' lang='lat' dir='ltr'>G.</span> <span class='ocrx_word' id='word_1_241' title='bbox 1243 3958 1324 4026; x_wconf 76' lang='lat'><strong>17683</strong></span> <span class='ocrx_word' id='word_1_242' title='bbox 1342 3959 1430 4027; x_wconf 70' lang='lat' dir='ltr'>loyelq</span> 
     </span>
     <span class='ocr_line' id='line_1_34' title="bbox 256 4043 1431 4206; baseline 0.005 -18"><span class='ocrx_word' id='word_1_243' title='bbox 256 4043 579 4199; x_wconf 46' lang='grc' dir='ltr'>ΗΝΙ)ΟΙΙΙ)6111)66.334,</span> <span class='ocrx_word' id='word_1_244' title='bbox 602 4152 628 4190; x_wconf 88' lang='lat' dir='ltr'>v.</span> <span class='ocrx_word' id='word_1_245' title='bbox 649 4134 682 4189; x_wconf 93' lang='grc'>13</span> <span class='ocrx_word' id='word_1_246' title='bbox 700 4150 741 4201; x_wconf 82' lang='lat' dir='ltr'>aq.</span> <span class='ocrx_word' id='word_1_247' title='bbox 778 4133 846 4189; x_wconf 92' lang='lat' dir='ltr'>Hor.</span> <span class='ocrx_word' id='word_1_248' title='bbox 865 4151 948 4190; x_wconf 86' lang='lat' dir='ltr'>carm.</span> <span class='ocrx_word' id='word_1_249' title='bbox 965 4135 1015 4202; x_wconf 89' lang='grc' dir='ltr'><strong>ΙΙΙ,</strong></span> <span class='ocrx_word' id='word_1_250' title='bbox 1038 4134 1082 4203; x_wconf 88' lang='grc'>22,</span> <span class='ocrx_word' id='word_1_251' title='bbox 1106 4136 1123 4190; x_wconf 94' lang='grc'><strong>2</strong></span> <span class='ocrx_word' id='word_1_252' title='bbox 1141 4153 1204 4206; x_wconf 72' lang='lat' dir='ltr'>sqq.</span> <span class='ocrx_word' id='word_1_253' title='bbox 1239 4136 1329 4194; x_wconf 76' lang='lat' dir='ltr'>Germ.</span> <span class='ocrx_word' id='word_1_254' title='bbox 1355 4136 1431 4194; x_wconf 83' lang='lat' dir='ltr'>Sacc.</span> 
     </span>
     <span class='ocr_line' id='line_1_35' title="bbox 256 4221 419 4290; baseline 0.006 -13"><span class='ocrx_word' id='word_1_255' title='bbox 256 4240 283 4277; x_wconf 87' lang='lat' dir='ltr'>v.</span> <span class='ocrx_word' id='word_1_256' title='bbox 301 4221 335 4277; x_wconf 86' lang='lat'>13</span> <span class='ocrx_word' id='word_1_257' title='bbox 356 4239 419 4290; x_wconf 87' lang='lat' dir='ltr'>sqq.</span> 
     </span>
    </p>

    <p class='ocr_par' dir='ltr' id='par_1_14' title="bbox 233 4307 594 4382">
     <span class='ocr_line' id='line_1_36' title="bbox 233 4307 594 4382; baseline 0.011 -18"><span class='ocrx_word' id='word_1_258' title='bbox 233 4367 239 4372; x_wconf 72' lang='grc'><strong>,</strong></span> <span class='ocrx_word' id='word_1_259' title='bbox 331 4307 354 4376; x_wconf 81' lang='lat'>⁹)</span> <span class='ocrx_word' id='word_1_260' title='bbox 373 4310 469 4382; x_wconf 86' lang='lat' dir='ltr'>SuppL</span> <span class='ocrx_word' id='word_1_261' title='bbox 487 4330 514 4366; x_wconf 79' lang='lat' dir='ltr'>r.</span> <span class='ocrx_word' id='word_1_262' title='bbox 533 4312 594 4368; x_wconf 82' lang='grc'><strong>676.</strong></span> 
     </span>
    </p>

    <p class='ocr_par' dir='ltr' id='par_1_15' title="bbox 315 4394 1432 4474">
     <span class='ocr_line' id='line_1_37' title="bbox 315 4394 1432 4474; baseline 0.003 -20"><span class='ocrx_word' id='word_1_263' title='bbox 315 4395 351 4465; x_wconf 84' lang='lat'>¹⁰)</span> <span class='ocrx_word' id='word_1_264' title='bbox 369 4399 468 4467; x_wconf 88' lang='lat' dir='ltr'>Neque</span> <span class='ocrx_word' id='word_1_265' title='bbox 480 4401 642 4471; x_wconf 83' lang='lat' dir='ltr'>Euripidem</span> <span class='ocrx_word' id='word_1_266' title='bbox 655 4402 765 4468; x_wconf 71' lang='lat' dir='ltr'>(Troiad.</span> <span class='ocrx_word' id='word_1_267' title='bbox 778 4422 803 4461; x_wconf 86' lang='lat' dir='ltr'>v.</span> <span class='ocrx_word' id='word_1_268' title='bbox 817 4403 889 4473; x_wconf 87' lang='grc'><strong>323),</strong></span> <span class='ocrx_word' id='word_1_269' title='bbox 908 4405 956 4473; x_wconf 86' lang='lat' dir='ltr'>qui</span> <span class='ocrx_word' id='word_1_270' title='bbox 974 4406 1056 4461; x_wconf 85' lang='lat' dir='ltr'>deam</span> <span class='ocrx_word' id='word_1_271' title='bbox 1068 4405 1181 4461; x_wconf 73' lang='lat' dir='ltr'>invocet</span> <span class='ocrx_word' id='word_1_272' title='bbox 1199 4394 1223 4456; x_wconf 74' lang='lat' dir='ltr'>oi</span> <span class='ocrx_word' id='word_1_273' title='bbox 1234 4399 1338 4459; x_wconf 77' lang='grc' dir='ltr'><strong><em>Ἑκάτα</em></strong></span> <span class='ocrx_word' id='word_1_274' title='bbox 1349 4401 1432 4474; x_wconf 79' lang='grc' dir='ltr'><strong>φάος,</strong></span> 
     </span>
    </p>

    <p class='ocr_par' dir='ltr' id='par_1_16' title="bbox 257 4487 649 4556">
     <span class='ocr_line' id='line_1_38' title="bbox 257 4487 649 4556; baseline 0.015 -16"><span class='ocrx_word' id='word_1_275' title='bbox 257 4487 353 4541; x_wconf 84' lang='lat' dir='ltr'>lunam</span> <span class='ocrx_word' id='word_1_276' title='bbox 371 4489 523 4556; x_wconf 79' lang='lat' dir='ltr'>respexisse</span> <span class='ocrx_word' id='word_1_277' title='bbox 541 4505 649 4546; x_wconf 85' lang='lat' dir='ltr'>censeo.</span> 
     </span>
    </p>
   </div>
   <div class='ocr_carea' id='block_1_6' title="bbox 0 0 1688 5192">
    <p class='ocr_par' dir='ltr' id='par_1_17' title="bbox 0 0 1688 5192">
     <span class='ocr_line' id='line_1_39' title="bbox 0 0 1688 5192; baseline 0 4"><span class='ocrx_word' id='word_1_278' title='bbox 0 0 1688 5192; x_wconf 95' lang='lat' dir='ltr'> </span> 
     </span>
    </p>
   </div>
  </div>
 </body>
</html>
