3367 5192
754 321 967 416 ..-w-14*

274 533 395 616 quibus
419 533 482 596 dea
505 533 722 598 invocabatur
745 527 787 595 οὔ
810 527 976 616 οὕΠρίω
1003 551 1124 596 nomen
1147 531 1350 594 declinatum
1373 549 1447 594 esse

274 644 383 722 putat:
406 638 648 722 Hartungius¹)
678 641 821 722 denique
856 659 977 704 novam
1010 638 1180 722 proposuit
1211 638 1448 720 etymologiam

275 765 382 828 aeque
423 747 637 810 reiciendum.
703 745 837 811 Nullam
882 748 999 810 harum
1035 747 1183 827 undique
1223 745 1448 809 confirmatam

278 853 448 933 habemus,
472 853 684 935 quamobrem
708 853 820 917 facere
836 874 903 918 non
919 871 1103 936 possumus,
1128 853 1210 934 quin
1224 871 1338 915 veram
1353 851 1449 915 nobie

276 945 386 1030 *Otium
406 962 550 1023 nominis
573 961 743 1024 notionem
766 961 914 1043 ignotam
937 979 1011 1023 esse
1036 957 1264 1023 concedamus.

364 1064 415 1129 Ne
445 1067 486 1130 de
513 1085 577 1130 usu
605 1065 738 1148 quidem
766 1067 922 1137 vocabuli
958 1067 1146 1130 accuratius
1180 1065 1290 1129 edocti
1328 1082 1451 1129 sumus.

279 1168 318 1234 ld
346 1191 467 1236 nomen
492 1174 758 1255 antiquissimum
781 1172 864 1236 deae
886 1173 991 1235 fuisse
1015 1171 1157 1235 Guhlius
1180 1172 1453 1254 (Ephesiacorum

276 1297 308 1361 p.
339 1277 394 1362 80)
436 1281 619 1360 existimat,
661 1298 725 1361 quo
752 1277 929 1361 Pelasgica
964 1279 1026 1341 dea
1061 1279 1228 1362 appellata
1259 1282 1314 1342 sit..
1366 1276 1452 1341 Sane

278 1385 424 1467 priscum
454 1385 581 1466 aliquid
612 1387 647 1448 in
674 1385 733 1448 illo
761 1388 937 1468 propterea
958 1384 1093 1449 videtur
1114 1387 1239 1466 inesse,
1270 1385 1357 1467 quod
1380 1403 1454 1468 per-

278 1490 416 1556 difficile
457 1491 498 1554 ad
538 1491 772 1575 explicandum
808 1495 867 1554 est.
923 1489 1142 1555 Philochorus
1178 1491 1278 1574 (apud
1309 1489 1454 1554 Macrobr

280 1595 345 1660 Sat.
368 1595 394 1679 Ι,
420 1595 475 1679 10)
505 1602 619 1662 auctor
649 1603 700 1662 cst
723 1596 905 1680 Cecropem
929 1595 1069 1661 Saturno
1098 1603 1132 1662 et
1155 1596 1219 1681 Opi
1246 1599 1391 1680 primum
1418 1598 1454 1659 in

280 1703 394 1768 Attica
422 1723 514 1768 aram
544 1706 714 1785 statuisse,
747 1705 777 1766 si
806 1705 903 1770 modo
932 1706 1016 1768 haec
1040 1703 1120 1788 Opia
1141 1708 1255 1769 nostra
1278 1705 1342 1768 dea
1357 1690 1455 1774 Ὦπις

278 1809 334 1872 vel
373 1795 477 1881 Οὖπις
516 1810 669 1876 habenda
704 1814 767 1874 est:
804 1829 914 1892 neque
949 1812 1039 1874 enim
1073 1830 1149 1875 cum
1178 1810 1303 1883 ¹Guhlio
1336 1810 1476 1903 Roma-¹

280 1935 397 1980 norum
420 1917 517 1980 deam
542 1914 646 2000 Opem
670 1935 745 1980 oum
768 1915 971 1982 Graecorum
995 1915 1062 2001 Upi
1085 1918 1336 2002 composuerim,
1360 1935 1455 1999 prae-

281 2023 397 2086 sertim
429 2041 505 2086 cum
537 2025 665 2104 primae
693 2022 841 2102 syllabae
871 2024 1006 2087 vocales
1039 2026 1225 2106 quantitate
1256 2023 1455 2106 discrepent.

280 2125 470 2193 Mirandum
493 2130 566 2192 iure
591 2132 650 2211 est,
675 2128 762 2210 quod
778 2127 862 2212 Upis
881 2149 1002 2194 nomen
1018 2130 1105 2213 apud
1120 2133 1322 2196 vetustiores
1338 2131 1455 2212 seript-

282 2253 356 2300 ores
385 2253 547 2317 nusquam
576 2236 712 2319 legitur,
749 2253 857 2316 usque
888 2236 929 2299 ad
956 2235 1164 2301 Herodotum
1194 2237 1263 2319 (IV,
1294 2236 1363 2320 35),
1398 2238 1456 2319 qui

283 2343 375 2407 illam
392 2362 467 2408 cum
483 2343 573 2424 Arge
590 2342 721 2425 virgine
739 2360 783 2405 ex
798 2340 1028 2426 Hyperboreis
1042 2342 1168 2408 Delum
1188 2346 1322 2408 venisse
1334 2347 1456 2407 narrat.

282 2447 354 2514 Nec
376 2453 489 2512 tamen
513 2449 595 2512 haec
618 2445 733 2512 fabula
752 2447 793 2511 de
810 2449 939 2533 origine
953 2450 1098 2512 nominis
1115 2452 1274 2515 certiores
1290 2470 1350 2515 nos
1366 2451 1456 2514 facit.

372 2554 444 2620 Iam
479 2556 625 2637 quinque
661 2551 789 2618 Dianae
825 2555 1016 2620 nominibus
1051 2559 1202 2622 tractatis
1242 2574 1457 2640 exponemus,

287 2661 367 2743 quid
383 2653 518 2741 Ἑκάτης
540 2679 663 2725 nomen
687 2659 863 2742 significet,
887 2680 972 2743 quae
995 2663 1025 2725 si
1047 2681 1115 2726 uon
1138 2663 1256 2727 eadem
1279 2683 1318 2728 ac
1340 2663 1456 2744 Diana,

283 2768 398 2830 tamen
427 2767 599 2831 simillima
629 2765 782 2830 habenda
807 2770 867 2830 est.
912 2766 951 2832 Id
981 2786 1112 2850 quoque
1134 2788 1256 2835 nomen
1278 2772 1457 2834 multorum

286 2871 566 2956 explicationibus
605 2876 770 2936 tentatum
804 2877 869 2955 est,
905 2872 1010 2936 donec
1044 2877 1265 2958 etymologiae
1299 2877 1458 2960 magistro

285 2980 467 3044 novissimo
496 2976 656 3041 Goebelio
687 2978 841 3061 contigit,
870 2983 907 3042 ut
934 2997 1006 3042 mea
1034 2980 1169 3059 quidem
1197 2983 1364 3046 sententia
1385 3001 1460 3064 pro-

288 3085 433 3150 babilem
465 3088 564 3164 atque
591 3081 738 3164 undique
771 3085 935 3148 munitam
968 3085 1225 3168 explicationem
1253 3092 1458 3172 proponeret.

206 3235 212 3246 ·
286 3191 392 3256 Valde
410 3193 447 3254 in
471 3191 534 3253 hac
559 3207 595 3252 re
627 3190 750 3252 erravit
771 3187 808 3253 G.
829 3189 1042 3256 Hermannus
1065 3193 1128 3276 (op.
1146 3213 1196 3261 ac.
1216 3191 1349 3275 VH,·p.
1370 3192 1459 3275 297),

283 3300 346 3382 'qui
373 3300 420 3362 ita
447 3297 663 3360 ratiocinatur
686 3285 828 3379 Ἓκάτη
857 3316 897 3360 ea
919 3297 983 3362 dea
1005 3303 1057 3362 est
1079 3302 1175 3364 cuius
1197 3293 1286 3380 ἕκητι
1308 3317 1459 3381 quaeque

283 3397 389 3486 fiunt,
412 3422 478 3486 qua
499 3405 627 3467 ratione
652 3402 754 3465 etiam
778 3400 928 3466 Lauerus
951 3403 1050 3485 (Syst.
1074 3406 1176 3486 myth.
1200 3405 1256 3470 Gr.
1272 3426 1303 3488 p.
1319 3404 1384 3468 304
1400 3403 1467 3492 sq.)

287 3510 451 3576 Hecatam
465 3509 679 3594 interpretari
694 3512 842 3573 conatur.
869 3507 1001 3594 Optima
1015 3515 1169 3575 veterum
1184 3511 1460 3595 etymologiarum

288 3616 350 3680 illa
379 3620 444 3694 est,
478 3635 562 3698 quae
590 3633 713 3680 nomen
746 3613 787 3678 ad
815 3615 1010 3681 adverbium
1037 3610 1112 3690 ἑκάς
1143 3618 1356 3682 referendum
1386 3637 1460 3682 esse

290 3717 426 3805 docet²)‚
451 3740 649 3804 quamquam
673 3721 848 3785 emittendi
869 3723 1019 3806 verbum,
1044 3723 1130 3805 quod
1150 3723 1190 3786 ab
1208 3724 1266 3806 his
1278 3725 1459 3809 suppletur,

288 3831 324 3892 in
346 3829 480 3893 nomine
496 3829 630 3892 videtur
646 3828 772 3892 deesse.
803 3827 926 3893 Tamen
942 3831 1043 3894 inest:
1066 3830 1164 3894 radix
1180 3833 1270 3894 euim
1286 3832 1460 3896 statuenda

288 3939 352 4017 est,
391 3940 428 3998 ut
471 3934 650 3999 Goebelius
684 3932 805 4016 (Lexil.
835 3934 866 4017 1,
901 3957 934 4020 p.
966 3937 1009 3998 ol
1051 3936 1132 4019 sqq.)
1172 3937 1297 4021 docuit,
1341 3957 1468 4003 nomen.

279 4034 385 4113 ··*ἕκος
407 4044 432 4105 -i.
457 4061 485 4106 e.
502 4036 612 4122 βέλος,
640 4040 729 4104 unde
760 4044 794 4104 et
820 4033 958 4116 Ἕκατος
986 4047 1019 4106 et
1043 4032 1162 4125 Ἑκάτη
1192 4049 1225 4107 et
1247 4037 1400 4124 ἑκηβόλος
1428 4048 1462 4106 et

278 4147 355 4210 alia
370 4146 604 4212 ,descendants
619 4164 683 4212 nec
706 4148 774 4210 iam
797 4148 976 4214 emittendi
992 4149 1130 4213 verbum
1146 4151 1182 4213 in
1197 4153 1310 4213 nostro
1326 4151 1459 4212 nomine

363 4389 383 4458 Ι)
401 4377 489 4461 Myth.
510 4392 556 4448 cr.
575 4393 624 4461 111,
641 4411 670 4464 p.
691 4393 750 4448 rsa.

353 4478 382 4548 ‘l
404 4481 599 4548 cl.-Pr-aller‚
618 4481 707 4550 Myth.
721 4481 767 4536 Gr.
781 4483 802 4551 Ι,
816 4500 843 4552 p.
857 4481 917 4537 258.
943 4483 1178 4551 Sohoemann,
1191 4484 1243 4554 Op.
1257 4501 1297 4540 ac.
1310 4484 1345 4551 ll,
1360 4505 1388 4555 p.
1400 4485 1461 4540 229.
