3367 5192
781 387 822 450 77

211 603 246 663 el
268 597 410 677 βασίλεια
432 579 637 679 nominatur,
661 600 786 682 optime
810 598 976 679 convenil,
998 615 1075 661 cum
1097 598 1228 662 leonem
1249 601 1386 681 propter

211 706 421 769 maiestatem
443 707 478 769 e't
499 704 601 769 robur
623 703 720 786 qnasi
748 719 889 787 regnum
916 703 1100 768 bestiarum
1123 703 1272 769 obtinere
1295 703 1383 768 arbi*-

210 813 337 874 tremor
343 807 377 891 ¹).
413 805 679 874 Reminiscamnr
694 813 806 874 autem
821 809 936 874 leones
954 811 992 873 in
1007 810 1195 874 simulacris
1211 813 1247 873 et
1261 809 1384 873 litteris

210 918 360 1001 proprios
391 933 465 981 esso
487 917 602 980 Rheae
627 912 821 997 Cybelum),
853 933 953 996 quam
973 913 1156 998 Phrygiam
1179 914 1275 979 deam
1298 916 1383 979 unii·

211 1024 392 1103 quissimse
423 1021 550 1086 Dianae
587 1023 794 1087 consimilem
832 1021 938 1085 fnisse
976 1021 1196 1104 probavimus
1249 1020 1380 1084 Deinde

211 1128 358 1210 Callisto,
374 1129 404 1191 ei
413 1127 608 1211 Euripidem
623 1124 825 1210 sequimini)
840 1145 908 1191 non
926 1129 962 1191 in
975 1145 1090 1191 ursam
1104 1126 1164 1191 sed
1178 1128 1214 1189 in
1228 1127 1381 1189 leaenam

211 1237 410 1298 commutata
433 1237 493 1314 est,
515 1233 604 1297 unde
627 1233 729 1297 facile
754 1232 869 1316 colligi
884 1235 994 1316 potest
1009 1233 1110 1296 etiam
1124 1232 1239 1295 leones
1253 1230 1381 1294 Dianae

210 1357 320 1404 sacros
343 1340 457 1404 fuisse
503 1339 587 1403 Tum
611 1341 850 1421 antiquissimo
871 1336 999 1402 Dianae
1022 1341 1138 1402 extant
1158 1340 1381 1418 monmnenlu,

209 1447 245 1509 in
268 1446 388 1527 quibus
403 1446 467 1510 dea
482 1446 606 1526 leones,
630 1444 687 1508 vel
702 1446 835 1508 leonem
854 1448 888 1507 et
901 1443 1065 1527 pardalim
1080 1445 1223 1508 aliamve
1237 1443 1383 1508 bestiam

209 1550 361 1615 manibus
393 1550 551 1616 cohibens
581 1549 661 1614 ficia
689 1546 786 1632 est⁴>‚
820 1549 920 1631 quale
950 1549 1111 1614 describit
1134 1549 1318 1614 Pausanias
1344 1550 1383 1612 in

208 1670 285 1720 arca
316 1651 491 1739 Cypseliil.
544 1655 746 1737 Plerumque
785 1657 872 1719 tales
902 1655 1028 1738 figurae
1060 1657 1169 1734 alatae
1198 1658 1320 1738 οσανν,
1343 1660 1386 1718 ui

206 1763 314 1826 noetis
329 1763 436 1826 tutela
451 1761 514 1825 alio
529 1761 774 1844 significaretur
790 1757 846 1846 (cf.
858 1781 890 1845 p.
904 1763 946 1825 48
959 1759 1028 1842 οη).
1055 1759 1191 1824 Falsum
1201 1779 1281 1825 vero
1295 1762 1381 1824 milri

208 1866 340 1932 videtur
356 1885 430 1932 esse
447 1886 503 1931 eas
518 1866 641 1950 figuras
653 1865 808 1931 Persicas
820 1866 944 1930 Dianas
959 1868 1139 1930 nominsre.
1172 1865 1381 1948 Quamquam

208 1975 299 2036 enim
320 1974 383 2037 hoc
403 1974 538 2037 schema
552 1974 739 2038 Asiaticam
756 1974 1028 2056 compositionem
1042 1974 1120 2053 olei,
1142 1977 1256 2037 lamen
1268 1991 1379 2054 neque

209 2081 341 2144 omnino
374 2080 572 2160 Assyricum
602 2099 684 2164 opus
715 2082 917 2164 putaverim,
952 2097 1061 2161 neque
1094 2078 1131 2142 id
1162 2079 1306 2142 Graecos
1339 2079 1384 2142 sb

207 2184 357 2264 Assyriis
380 2189 546 2249 mutuatos
570 2203 644 2250 esse
668 2185 817 2267 probem.
859 2183 946 2248 Satis
967 2186 1057 2248 enim
1079 2185 1196 2248 multis
1219 2184 1384 2248 Graeciae·

207 2291 290 2353 locis
312 2291 395 2354 talia
411 2291 506 2374 signa
528 2293 768 2356 invenissent
790 2296 825 2352 et
847 2291 1012 2373 plurimae
1034 2289 1185 2352 eiusdem
1199 2290 1379 2352 schematis

208 2395 484 2475 conformationes
509 2400 639 2478 extant,
671 2413 746 2459 cum
774 2414 841 2459 non
868 2396 976 2459 solum
998 2395 1228 2479 quadrupedes
1250 2395 1384 2458 bestiae

207 2501 268 2564 sed
299 2503 400 2566 eiiam
428 2519 505 2565 aves
535 2501 576 2564 ad
604 2501 688 2566 deae
715 2501 839 2584 figuras
868 2501 1000 2566 additae
1031 2501 1105 2564 sint.
1149 2497 1268 2582 Itaque
1295 2500 1382 2563 anti·

209 2607 386 2687 quissimos
409 2605 554 2670 Graecos
582 2607 664 2670 talia
694 2611 908 2670 monumenta
930 2607 1020 2687 ipsos
1043 2605 1241 2684 confecisse,
1270 2606 1379 2686 iisque

209 2713 380 2776 notionem
402 2711 560 2776 tribuisse
583 2729 692 2793 neque
714 2714 844 2774 tantum
866 2713 917 2774 eis
939 2715 978 2773 ut
995 2711 1197 2774 ornamentis
1211 2727 1290 2774 usos
1304 2728 1384 2774 esse

205 2817 322 2899 negari
351 2835 417 2880 non
443 2821 562 2900 potest.
612 2817 668 2880 An
699 2835 808 2880 arcam
837 2816 973 2899 Cypseli
1000 2836 1021 2878 a
1046 2817 1221 2898 peregrino
1252 2814 1384 2878 arfifice

209 2921 394 2986 confectam
425 2939 499 2987 esse
528 2926 584 2986 aut
611 2925 647 2986 in
676 2941 716 2987 ea
739 2923 894 2986 asiaticus
917 2922 1047 2986 fabulas
1071 2921 1253 2986 delineatae
1274 2921 1385 2985 irrisae

208 3029 359 3092 censes?

283 3200 302 3270 ¹)
322 3203 356 3256 cl.
375 3203 478 3259 Herod.
498 3203 531 3272 V‚
551 3203 585 3258 52
602 3202 629 3273 β.
666 3203 764 3258 Aesch.
783 3206 837 3273 Ag.
856 3222 901 3258 vv.
920 3203 980 3270 717,
1000 3203 1078 3260 1258.

282 3287 302 3358 ²)
321 3290 472 3357 PreIIer,
490 3291 581 3360 Mylh.
600 3290 647 3347 (ἔτ’.
666 3290 687 3357 Ι,
706 3309 734 3362 p.
748 3291 807 3346 539.

272 3373 300 3445 ¹³)
319 3377 383 3434 Hel.
401 3397 426 3432 v.
446 3377 507 3434 379.

278 3463 301 3532 ⁴)
319 3465 400 3520 Hanc
409 3467 561 3522 leonlicam
571 3467 661 3530 deum,
677 3483 760 3534 quom
774 3467 805 3521 in
814 3467 908 3522 Attico
924 3466 1126 3538 el'l'anagrneo
1140 3469 1216 3524 cultu
1224 3471 1385 3538 reperimus

204 3552 251 3620 (cf.
270 3553 389 3620 (lonae,
414 3555 583 3624 Archaolog.
602 3556 689 3623 Zeiig.
711 3555 788 3620 1880,
807 3554 873 3610 fasc
891 3553 913 3619 Ι,
931 3555 988 3624 pl
1007 3553 1095 3624 sqq.),
1118 3557 1239 3613 Deorum
1257 3557 1380 3612 Matrem

205 3643 371 3712 appellabat
384 3642 506 3709 Corae,
519 3643 728 3698 Wieselerus
741 3641 886 3708 Hecatam,
904 3643 1035 3710 equidem
1045 3645 1142 3700 malim
1154 3645 1378 3715 antiquissimam

205 3730 336 3786 Dianam.
366 3730 522 3786 Posteriore
540 3733 635 3786 aulem
654 3733 781 3800 lempore
799 3730 830 3786 in
846 3730 926 3797 solio,
945 3733 989 3785 cui
1001 3733 1142 3800 utrimque
1152 3734 1247 3788 leones
1256 3733 1377 3799 adstant,

206 3819 303 3872 sedens
321 3819 386 3873 fictu
404 3821 453 3872 osi.
484 3818 688 3888 comprobatur
705 3819 775 3872 haec
787 3817 929 3872 sententia
940 3818 1120 3890 inscriptione
1132 3821 1184 3874 mli
1195 3823 1376 3875 monumento

203 3907 309 3974 addila,
327 3907 361 3960 de
379 3922 434 3982 qna
451 3906 486 3960 cl.
498 3907 639 3959 Μουσεῖον
655 3904 703 3960 καὶ
714 3903 877 3976 pallitudine
896 3907 946 3973 τῆς
963 3901 1119 3974 οὕνγγελινῆ
1129 3907 1225 3974 σχολῆς
1241 3907 1376 3977 Smyrnae

205 3991 282 4048 1880.
318 3994 380 4048 Per.
399 3993 449 4060 111,
466 4012 494 4063 p.
512 3992 578 4058 163,
603 3993 653 4047 ubi
676 3994 726 4047 sub
744 4011 771 4047 n.
790 3988 841 4048 rici
863 3993 1008 4063 inscriptio
1030 3994 1225 4062 promulgatur
1241 3993 1381 4064 Δήμητρα,

205 4105 237 4121 -
256 4074 378 4151 Ἄρτεμις
400 4107 434 4118 -
454 4080 542 4149 Νίκη,
568 4097 641 4148 quae
663 4080 751 4136 verba
772 4082 906 4150 leguntur
928 4076 1094 4135 ememor
1117 4077 1278 4149 ἄναγλύφον
1297 4097 1382 4149 παρι-

203 4163 408 4239 πῶντοςέντῷ
419 4163 508 4238 μέσῳ
518 4162 568 4232 μὲν
578 4169 696 4234 γυναῖκα
707 4164 869 4236 καθημένην
879 4161 1144 4236 δαὶθρόνοννὶνοο
1160 4163 1383 4220 δύολεόντων-

202 4248 455 4324 βασταζόμενον
471 4250 518 4308 καὶ
535 4248 675 4320 φέρουσαν
691 4249 736 4306 ἐπὶ
751 4254 802 4322 τῆς
818 4253 939 4321 κεφαλῆς
956 4249 1073 4322 στέμμα,
1092 4251 1215 4318 driades»
1233 4249 1264 4306 ol
1282 4248 1382 4320 ἑτέραν

202 4335 347 4407 ἱσταμένην
365 4340 394 4393 el
413 4355 484 4406 quae
501 4345 665 4407 sequuntur.

276 4421 298 4491 ⁵)
317 4423 348 4480 P.
367 4425 401 4492 V,
421 4426 464 4494 19,
482 4427 510 4481 5:
533 4424 580 4504 καὶ
601 4427 635 4496 τῇ
658 4423 707 4494 μὲν
731 4429 807 4502 δεξιᾷ
828 4425 932 4496 κατέχει
954 4424 1099 4496 πάρδαλιν,
1117 4427 1155 4496 ’τῇ
1178 4423 1209 4480 δὲ
1227 4423 1305 4500 ἑτέρᾳ
1321 4427 1383 4480 τῶν

201 4511 303 4582 χειρῶν
318 4507 422 4566 λέοντα.
