3367 5192
795 371 836 434 31

228 581 369 660 amaror
390 581 623 646 nominabatur
646 585 680 646 et
701 601 881 666 puerorum
900 583 1010 647 fautor
1023 578 1252 663 iubebatur1).
1281 580 1401 664 ltaque

224 685 346 768 Apollo
369 687 512 769 quodam
534 688 631 752 modo
657 707 733 754 oum
752 678 873 771 (lenio,
895 701 1003 771 'quem
1023 687 1103 753 Itali
1126 687 1290 766 uolebant.
1313 707 1402 754 oom-

165 881 170 885 ·
224 795 335 874 parari
364 797 474 876 potest
483 788 519 876 ¹).
564 791 849 870 Quemadmodum
883 795 940 860 bie
964 793 1097 860 uanius
1131 795 1234 860 etiam
1263 793 1401 860 levum

223 897 355 982 dieitur,
379 901 429 964 aio
443 900 565 983 Apollo
587 900 743 984 primitus
766 900 859 965 Iovia
880 900 971 966 iilius
987 901 1080 965 esti
1097 918 1126 964 e.
1141 901 1230 966 eaeli
1243 901 1401 984 genitalis

224 1005 287 1085 vis,
310 1023 394 1087 quae
416 1007 564 1071 maxime
588 1007 668 1071 solis
691 1008 841 1089 potentia
863 1007 1063 1071 illustratur:
1087 1006 1158 1070 sole
1174 1008 1265 1070 enim
1286 1006 1401 1090 fruges

224 1115 440 1176 maturantur.
474 1109 529 1176 Sic
553 1111 618 1176 duo
640 1115 779 1177 naturae
802 1113 968 1196 principia
990 1111 1233 1193 discernuntur,
1257 1113 1400 1177 alterum

224 1216 334 1299 maris,
359 1217 501 1282 alterum
523 1216 679 1300 feminae,
704 1236 789 1300 quae
806 1218 947 1284 interae
963 1221 1172 1301 opponuntur
1194 1218 1290 1282 medo
1306 1220 1402 1301 quasi

110 1369 112 1374 ·
225 1325 393 1406 conjuges,
421 1323 518 1386 modo
542 1326 638 1406 quasi
665 1323 770 1388 frater
803 1327 837 1388 et
865 1342 965 1388 soror.
1009 1321 1127 1404 ltaque
1156 1324 1257 1407 vulgo
1279 1324 1401 1407 Apollo

226 1427 354 1492 Dianae
377 1428 484 1493 irater
504 1429 694 1513 putabatur,
717 1429 953 1494 verumetiam
969 1431 1127 1513 conjuges
1151 1429 1358 1494 habebantur
1366 1425 1401 1512 ⁸),

229 1551 294 1616 qua
313 1534 355 1598 de
366 1553 405 1598 re
420 1533 457 1601 O.
470 1533 505 1598 F.
517 1534 734 1600 Hermannns
743 1535 893 1618 disputat
906 1536 943 1600 in
955 1534 1154 1600 reeensione
1169 1532 1288 1616 libelli,
1303 1553 1403 1616 quem

227 1638 394 1704 Braunius
417 1640 460 1704 de
482 1640 590 1706 Diana
604 1639 754 1723 Hymnia
777 1637 917 1724 (Romae
934 1639 1034 1722 1842)
1055 1641 1191 1724 seripsit
1213 1637 1403 1724 (Gottingor

228 1745 387 1811 Gelebrte
412 1749 585 1829 Anaoigen
617 1748 701 1812 1843
730 1767 762 1830 p.
783 1744 901 1826 isbal:
925 1740 1031 1812 ‘weit
1061 1747 1144 1811 eber
1170 1747 1304 1810 konnen
1330 1749 1402 1829 wir,

226 1853 336 1935 inquit
363 1852 592 1937 Romaanus,
628 1853 845 1918 hinsiohtliob
873 1854 932 1918 des
961 1851 1311 1917 (lesammtreeultatea
1338 1854 1403 1917 mit

225 1957 338 2022 Herm
351 1957 465 2024 Braun
480 1959 787 2043 ubereinatimmen‚
809 1979 846 2024 so
860 1958 1008 2043 paradox
1022 1975 1061 2022 aa
1074 1958 1162 2022 anuh
1176 1957 1244 2022 alen
1257 1961 1403 2024 meisten

224 2083 343 2130 urerer
366 2064 472 2130 Loser
493 2065 711 2130 rorkommen
734 2065 857 2148 duffio,
877 2083 976 2129 serm
989 2064 1052 2128 wir
1070 2064 1173 2128 ibnen
1187 2083 1302 2148 sagon,
1325 2065 1402 2129 dass

225 2191 262 2238 ee
295 2173 368 2236 siah
401 2172 476 2237 hier
506 2190 563 2236 um
592 2172 704 2236 niebts
722 2170 930 2254 ·Geringares
960 2170 1108 2252 bandelt,
1139 2171 1189 2235 als
1215 2187 1278 2234 aua
1301 2171 1403 2254 Apoll

228 2279 295 2342 rud
324 2279 436 2343 seinsr
461 2278 736 2362 jungirtulieben
759 2277 946 2342 Sebwester
967 2278 1118 2342 Artemis
1141 2278 1201 2341 ein
1224 2276 1402 2341 tbnliebes

225 2385 398 2449 obeliebes
432 2383 521 2450 Paar
554 2405 596 2449 zu
626 2385 776 2468 macher,
806 2387 871 2449 wie
905 2403 941 2448 ee
976 2384 1065 2448 Hert
1097 2382 1209 2449 Brenn
1236 2431 1244 2448 .
1273 2432 1281 2446 .
1311 2384 1403 2449 .mit

224 2488 389 2555 Herakles
404 2491 473 2554 und
487 2490 602 2556 Pallas
617 2493 752 2556 Athene
768 2491 893 2574 gethan
904 2483 969 2555 bat'
986 2495 1024 2556 et
1036 2491 1135 2575 paulo
1149 2488 1402 2574 peatlp.1153):

236 2593 288 2660 lm
301 2595 439 2661 Grande
463 2597 654 2662 betraubtet
675 2597 757 2662 aber
778 2597 896 2662 bilden
917 2597 1004 2661 auen
1023 2598 1103 2681 jane
1124 2615 1188 2660 nur
1204 2595 1260 2660 die
1279 2595 1403 2660 beiden

227 2699 342 2768 Seiten
369 2705 467 2768 eines
496 2703 737 2769 dualistisoben
758 2703 924 2789 Principe,
952 2703 1025 2787 alas,
1052 2706 1088 2788 je
1116 2703 1281 2769 naebdem
1307 2703 1402 2766 aeine

225 2807 477 2874 Bestanrltbeile
511 2811 548 2874 in
582 2810 698 2876 Cultus
728 2810 796 2874 und
827 2810 948 2876 Poesie
983 2811 1293 2876 materialietiseber
1321 2807 1403 2873 oller

229 2915 433 2998 spiritualior
462 2916 647 3000 anigefasst
675 2917 819 2998 werden,
846 2917 939 2982 eben
955 2936 998 2982 su
1020 2917 1110 2982 wohl
1138 2918 1189 2982 als
1220 2913 1401 2995 obeliebee,

225 3022 290 3085 wie
313 3023 363 3086 als
383 3023 709 3106 gesobrriaterliebse
729 3022 930 3108 augonem
949 3023 1088 3089 werden
1109 3014 1250 3088 lronnte?
1283 3019 1402 3103 Itaque

226 3128 331 3193 solem
346 3129 514 3213 Apollinis
536 3130 756 3214 principalem
777 3131 990 3214 provinciam
1012 3149 1087 3196 ease
1110 3147 1272 3214 negamus
1295 3145 1402 3210 aeque

226 3253 266 3298 ao
287 3233 415 3299 Dianae
438 3235 561 3302 lunam.

315 3375 442 3441 Dianae
457 3396 537 3441 vero
554 3378 876 3460 antiquissimam
891 3381 1047 3442 naturam
1062 3377 1136 3442 sine
1151 3377 1222 3441 nlla
1232 3375 1402 3462 Apollinis

228 3485 471 3566 comparatione
496 3483 660 3568 explicari
687 3501 785 3568 posse
808 3485 862 3566 iis,
891 3502 976 3566 quae
1000 3487 1191 3566 sequentur,
1220 3481 1402 3568 apparebit.

227 3589 377 3654 Virtutes
405 3591 494 3654 inter
523 3608 559 3654 se
590 3609 659 3654 non
689 3590 940 3675 mutuabantur,
974 3589 1033 3655 sed
1063 3609 1124 3674 per
1153 3609 1190 3655 se
1223 3593 1401 3671 utrumque

228 3715 350 3761 numen
373 3716 497 3780 omnes,
521 3716 602 3780 quas
627 3696 818 3776 exhibebat,
847 3701 1030 3782 potestates
1054 3700 1244 3761 assecutum
1268 3701 1328 3759 eat.
1372 3693 1400 3756 Ε

228 3799 334 3866 Genio
359 3801 450 3868 levia
472 3803 594 3888 Apollo
626 3806 720 3887 quasi
750 3806 929 3888 prophetes
959 3805 1017 3868 vel
1047 3807 1141 3868 rates
1171 3800 1261 3866 Iovis
1292 3801 1401 3864 faetus

228 3912 279 3972 est
302 3915 336 3973 et
354 3908 462 3974 Diana
486 3910 573 3993 apud
594 3915 719 3994 poetae,
743 3912 801 3994 qui
824 3911 921 3974 deam
943 3912 1108 3994 virginem
1134 3909 1286 3974 castitate
1306 3925 1403 3990 prae·

300 4170 322 4238 ¹)
340 4171 509 4239 Weleker,
528 4173 547 4227 l.
565 4174 585 4229 l.
604 4173 625 4240 I,
645 4191 672 4243 p.
690 4173 753 4230 487.

301 4257 323 4327 ²)
343 4260 379 4315 ef.
397 4261 530 4318 Varronis
553 4262 629 4332 apud
647 4261 795 4332 Angustia.
818 4263 845 4317 d.
871 4263 923 4319 eir.
940 4263 968 4318 d.
987 4261 1054 4325 Vll,
1080 4260 1126 4316 18:
1156 4259 1205 4329 qui
1229 4258 1403 4329 praepositus

227 4351 269 4404 est
280 4365 313 4404 ee
325 4351 383 4404 vim
395 4349 481 4406 habet
489 4349 615 4406 omnium
627 4365 719 4405 rarum
729 4350 943 4420 gignendarum.
963 4349 1110 4417 Praller,
1124 4349 1213 4419 llytb.
1222 4348 1312 4412 Rom,
1321 4365 1349 4416 p.
1357 4349 1402 4402 67.

301 4433 323 4504 ³)
342 4437 468 4494 Eustatb.
493 4438 530 4494 ad
556 4438 590 4494 ll.
617 4437 669 4492 XX
698 4437 740 4504 lu,
767 4456 795 4507 p.
821 4438 904 4496 1197:
934 4431 1003 4493 καθ’
1025 4431 1153 4506 Ὅμηρον
1178 4430 1229 4503 μὲν
1254 4431 1401 4504 κασιγνήτη

224 4517 389 4587 Ἀπόλλωνος
412 4518 431 4592 ἡ
451 4519 582 4596 Ἄρτεμις,
599 4521 671 4580 κατά
688 4543 765 4593 τινας
787 4521 818 4578 tl
835 4522 1037 4595 ψυσικωτὲοονς
1052 4522 1131 4596 γυνή
1160 4526 1196 4583 ef.
1212 4525 1245 4582 P.
1261 4524 1296 4590 X,
1317 4522 1359 4589 12,
1376 4523 1403 4576 2.
