3367 5192
811 359 856 422 25

246 567 336 634 Iovis
370 587 493 635 uxores
526 571 627 654 vulgo
661 573 926 654 nominarentur,
964 590 984 635 a
1017 572 1126 656 poetis
1161 572 1197 637 in
1231 569 1421 636 Titanidum

246 694 422 741 numerum
450 676 558 740 Dione
585 681 721 762 recepta
748 682 807 743 est
853 675 949 754 Quod
979 697 1056 744 cum
1083 679 1184 742 etiam
1210 677 1319 744 Diana
1347 680 1421 762 ipsa

246 781 415 847 interdum
444 781 572 847 'litenis
604 784 791 869 appelletur
800 781 825 865 ¹)
849 789 884 850 et
904 783 1070 850 Hecatam
1094 783 1262 849 Hesiodus
1286 783 1420 869 (Theog.

246 910 276 953 r.
299 888 481 968 421-25),
509 908 596 971 quae
626 891 689 955 dea
710 889 839 956 Dianae
867 910 983 956 omnes
1009 892 1151 955 virtutes
1175 890 1328 973 exhibet,
1358 891 1420 956 sub

246 993 336 1059 [oris
358 996 505 1080 imperio·
523 995 664 1062 honores
687 1015 877 1062 reservasse
901 998 991 1062 dicat
1012 990 1134 1068 ὅσσους
1156 990 1266 1077 ἔλαχεν
1289 994 1421 1078 Τιτῆσι

246 1093 326 1182 μετὰ
348 1095 530 1184 προτέροισι
550 1105 684 1186 θεοῖσιν,
706 1102 832 1168 Diones
856 1109 891 1169 et
909 1103 1037 1168 Dianae
1059 1104 1314 1168 similitudinem
1335 1122 1422 1168 novo

247 1206 371 1272 indicio
385 1207 558 1291 probatam
575 1209 743 1276 habemus.
781 1209 936 1294 Denique
952 1229 1037 1294 quae
1051 1209 1177 1276 Diones
1193 1228 1270 1273 cum
1285 1208 1421 1292 Latona,

247 1312 375 1377 Dianae
397 1318 513 1395 matre,
536 1316 749 1382 necessitudo
772 1317 884 1400 fuerit,
907 1317 986 1382 inde
1009 1321 1156 1401 apparet,
1187 1315 1275 1398 quod
1297 1316 1421 1397 hymno

246 1417 343 1483 Hom.
375 1421 412 1484 in
443 1420 553 1504 Apoll.
580 1441 611 1486 v.
641 1423 683 1487 93
715 1423 776 1497 illa
810 1441 886 1488 cum
921 1424 997 1488 aliis
1029 1421 1269 1504 antiquissimis
1296 1421 1422 1486 deabus

228 1543 367 1610 nempe
390 1525 493 1608 Rhea,
517 1526 685 1611 Themide,
709 1527 819 1613 Terra,
842 1529 1049 1613 Amphitrite
1071 1528 1112 1592 ad
1128 1526 1275 1592 Latonae
1291 1532 1423 1613 partum

247 1633 428 1696 accessisse
452 1632 583 1698 dicitur.
1411 1677 1415 1684 ι

334 1754 463 1821 Dianae
487 1758 567 1822 olim
595 1758 661 1842 ipsi
691 1776 767 1823 cum
793 1757 874 1824 lore
904 1759 1096 1842 coniugium
1125 1758 1289 1823 creditum
1315 1757 1420 1822 fuisse

248 1865 422 1945 praeterea
451 1882 469 1927 e
497 1862 621 1928 fabulis
648 1864 789 1949 probare
816 1884 1001 1950 possumus.
1050 1863 1166 1930 Solent
1192 1865 1282 1929 enim
1304 1868 1422 1948 gentes

247 1968 336 2050 deos,
361 1988 442 2051 quos
465 1971 613 2035 maxime
628 1975 795 2054 verentur,
818 1972 967 2055 ipsarum
989 1972 1173 2055 originibus
1195 1971 1243 2034 ita
1257 1971 1421 2052 intexere,

248 2079 286 2139 ut
307 2074 350 2139 de
372 2076 441 2140 illis
466 2094 542 2140 suos
564 2077 734 2160 principes
758 2082 792 2142 et
815 2083 967 2143 auctores
989 2082 1168 2162 prognatos
1197 2095 1272 2142 esse
1295 2079 1422 2161 putent

247 2178 303 2244 Sic
325 2181 475 2246 Arcades
506 2181 547 2245 ad
577 2181 692 2248 Iovem
720 2188 754 2248 et
782 2183 925 2249 Dianam
954 2186 1049 2268 quasi
1076 2187 1232 2268 parentes
1258 2183 1422 2266 originem

247 2286 481 2371 adnectebant,
511 2307 596 2370 quae
626 2289 689 2354 dea
718 2289 767 2354 ibi
791 2288 974 2370 Καλλίστης
996 2290 1192 2372 cognomine
1215 2283 1422 2368 ornabaturl')

249 2393 332 2457 Cum
347 2413 426 2458 vero
442 2395 605 2478 paulatim
619 2395 747 2460 Dianae
762 2391 902 2479 virginis
916 2395 1037 2478 religio
1052 2395 1154 2458 etiam
1171 2393 1257 2477 apud
1272 2392 1422 2457 Arcades

245 2499 454 2583 vulgaretur,
488 2501 549 2564 illa
569 2499 643 2566 Iovi
670 2505 773 2584 nupta
801 2503 838 2564 in
865 2501 1086 2585 nympharum
1113 2499 1264 2564 ordinem
1286 2499 1422 2582 delapsa

250 2608 284 2668 et
311 2604 434 2670 divinis
457 2607 638 2671 honoribus
665 2608 796 2700 priuata
822 2604 914 2688 est³).
960 2606 1051 2672 Iovis
1074 2624 1204 2689 quoque
1231 2624 1355 2670 nomen
1377 2623 1422 2668 ex

248 2710 312 2775 hae
333 2710 448 2776 fabula
471 2712 605 2776 heronis
628 2713 762 2777 nomine
786 2715 956 2798 supposito
981 2710 1131 2796 evanuit,
1158 2730 1278 2795 nempe
1300 2711 1423 2775 Actae·

248 2819 329 2901 onis,
353 2819 411 2900 qui
433 2818 523 2883 filius
545 2819 694 2884 Aristaei
716 2820 740 2885 i.
764 2837 792 2884 e.
815 2818 905 2884 Iovis
928 2816 1064 2904 ipsius⁴)
1087 2817 1282 2882 habebatur.
1329 2815 1422 2880 'l'uuo

248 2942 268 2986 a
289 2924 406 3007 poetis,
430 2926 489 3006 qui
503 2924 632 2991 Dianae
656 2945 802 2991 amorem
825 2945 945 2992 canere
967 2926 1178 3008 verebantur,
1201 2942 1256 2988 res
1278 2924 1352 3008 ipsa
1373 2924 1422 2987 ita

249 3033 449 3094 commutata
477 3034 541 3113 est,
571 3035 609 3095 ut
640 3031 682 3096 ab
704 3033 877 3097 Actaeone
900 3032 1042 3097 Dianam
1070 3034 1106 3096 in
1133 3031 1225 3096 fonte
1254 3030 1421 3094 lavantem

248 3139 461 3219 conspectam
485 3136 632 3219 quidem,
667 3139 805 3202 minime
827 3138 986 3202 violatam
1010 3157 1085 3202 esse
1107 3131 1311 3221 fingerentl).
1356 3134 1421 3200 Sed

248 3246 353 3306 restat
374 3242 467 3307 illins
489 3242 623 3308 fabulae
646 3244 820 3327 indicium,
845 3263 930 3326 quae
952 3244 1093 3308 Dianam
1115 3226 1235 3306 revera
1256 3242 1421 3306 Actaeoni

246 3348 267 3411 i
291 3367 318 3413 e.
341 3346 416 3412 Iovi
443 3366 510 3412 non
533 3350 640 3414 solnm
664 3351 805 3414 amicam
832 3350 892 3414 aed
922 3352 1023 3414 etiam
1045 3353 1183 3432 nuptam
1206 3366 1283 3412 esse
1305 3347 1420 3429 voluit,

248 3472 323 3518 cum
339 3452 549 3519 Stesichorus
573 3456 700 3521 dixisse
714 3450 865 3520 tradatur
887 3456 985 3521 deam
1000 3456 1165 3520 Actaeoni
1188 3455 1279 3519 cerri
1295 3453 1419 3538 pellem

246 3632 459 3643 ——.-

321 3751 341 3819 ¹)
361 3754 445 3826 Apud
463 3756 611 3812 Philonem
633 3756 663 3810 iu
686 3755 940 3814 Sanchuniathonis
962 3755 1088 3824 reliquiis
1105 3753 1275 3819 (Mueller,
1299 3752 1333 3807 fr.
1355 3750 1421 3806 hist.

247 3840 294 3896 Gr.
306 3842 355 3921 ΙΙΙ,
373 3862 402 3914 p.
419 3844 481 3911 568)
498 3846 621 3910 eaedem,
640 3861 712 3914 quae
726 3843 876 3914 Terentiae,
889 3837 1038 3912 Ἀρτέμιδες
1055 3842 1244 3898 nominantur.
1269 3838 1304 3894 ei.
1317 3838 1421 3908 Hymn.

247 3929 332 4002 Orph.
351 3932 396 4002 36,
414 3932 440 3987 2.

321 4033 342 4104 ¹)
362 4037 427 4094 Dur.
446 4037 562 4108 Hippoi.
579 4056 607 4094 r.
625 4036 668 4092 64.
704 4037 736 4092 P.
753 4037 779 4104 1,
803 4037 847 4092 29.
865 4038 896 4102 ²3
919 4035 999 4103 Vlll,
1023 4035 1070 4102 35,
1094 4037 1120 4093 7.
1155 4034 1184 4091 O.
1202 4033 1224 4088 l.
1243 4033 1276 4089 G.
1294 4050 1323 4088 n.
1340 4030 1420 4086 4445.

246 4125 282 4181 cf.
300 4125 449 4196 heller,
468 4126 558 4196 Myth.
578 4125 625 4183 (ir.
643 4125 664 4194 1,
683 4143 712 4195 p.
731 4125 784 4180 242
801 4142 842 4193 sq.

321 4228 343 4299 ⁸)
363 4231 477 4288 Callisto
497 4233 686 4299 denominate,
704 4231 769 4287 Dur.
789 4231 861 4296 Hel,
879 4249 904 4286 v.
924 4230 975 4286 375
994 4247 1035 4298 aq.
1072 4229 1102 4284 P.
1120 4227 1197 4295 vm,
1214 4229 1240 4296 8,
1258 4229 1284 4284 6.

318 4316 343 4387 ⁴)
362 4319 398 4376 ci.
411 4320 547 4388 Welael,
566 4321 607 4377 De
618 4321 685 4378 love
698 4323 727 4377 et
738 4319 823 4386 Pane,
842 4319 885 4374 dis
897 4317 1046 4384 Arcadioia,
1059 4318 1137 4374 Vtat-
1152 4315 1228 4385 teta,
1241 4334 1269 4387 p.
1283 4316 1316 4371 14
1334 4316 1364 4370 et
1377 4313 1420 4370 16.

245 4421 342 4569 Μ’)
361 4427 491 4498 Apollod.
517 4427 590 4483 Bibl.
615 4427 669 4494 111,
694 4427 724 4494 4,
748 4426 774 4482 4.
811 4425 861 4482 Or.
885 4425 998 4483 Aletum·
1020 4424 1074 4492 Ill,
1100 4443 1127 4483 v.
1153 4423 1309 4481 let-252.
1345 4420 1420 4491 Hyg.

268 4513 385 4571 meo
401 4532 443 4584 sq.
