3367 5192
706 368 919 462 9

228 582 382 659 corrupte
409 583 540 641 serrata
565 583 624 659 est,
649 597 724 642 cum
749 581 849 664 vulgo
872 582 908 642 in
931 599 950 642 e
973 581 1028 643 vel
1052 580 1152 642 etiam
1168 581 1181 643 i
1197 584 1231 643 et
1247 599 1270 642 u
1284 581 1400 663 depra-

226 687 302 746 vata
326 684 377 746 sit.

316 789 503 854 Permultas
534 791 642 856 adhuc
676 793 819 857 nominis
849 785 1030 872 Ἀρτέμιδος
1064 793 1306 875 explicationes
1337 794 1401 855 viri

227 896 316 960 docti
339 897 450 960 facere
474 898 685 980 conabantur,
710 917 849 980 quorum
865 917 994 963 errores
1011 899 1158 982 singulos
1174 901 1400 982 perstringere

228 1006 262 1065 et
290 1003 425 1086 longum
454 1010 487 1068 et
516 1005 635 1068 inutile
666 1009 730 1086 est,
769 1023 845 1068 cum
870 1005 980 1086 isqui
1008 1005 1228 1088 etymologiae
1255 1008 1401 1070 rationes

226 1110 399 1192 paululum
413 1111 614 1194 cognoverit,
627 1111 728 1175 facile
742 1129 798 1175 eas
811 1111 1047 1175 hariolationes
1058 1109 1279 1194 perspiciat1).
1290 1113 1400 1195 Vulgo

229 1215 429 1299 adjectivum
452 1237 573 1284 nomen
599 1211 749 1301 ἀρτεμής,
774 1238 803 1300 q.
828 1237 855 1281 e.
873 1209 996 1299 ‘sanus
1019 1210 1205 1282 incolumis'
1229 1218 1271 1281 ad
1294 1219 1402 1301 expli·

229 1323 369 1388 candum
396 1324 523 1388 Dianae
551 1344 672 1389 nomen
703 1320 926 1406 adhibetur2),
960 1328 998 1387 ut
1020 1317 1200 1406 ‘integram
1227 1316 1400 1407 virginem’

228 1429 287 1495 illo
311 1430 494 1514 significari
517 1433 653 1496 dicatur
700 1431 765 1496 Sed
789 1435 940 1514 quamvis
962 1434 1098 1516 vulgata
1121 1433 1162 1496 de
1184 1431 1313 1496 Dianae
1335 1434 1401 1495 vir·

228 1538 368 1619 ginitate
392 1542 558 1603 sententia
581 1542 633 1622 sit,
657 1545 770 1604 tamen
794 1542 930 1622 antiqua
949 1558 1015 1602 non
1030 1539 1269 1603 videturesse:
1292 1558 1401 1620 neque

229 1645 318 1708 enim
335 1636 427 1728 ἁγνή,
451 1643 538 1728 quod
553 1646 752 1710 vocabulum
768 1646 851 1710 deae
868 1647 1055 1710 castitatem
1070 1644 1261 1728 significare
1277 1646 1411 1727 dicunt,

229 1751 264 1814 in
279 1749 385 1815 Iliade
411 1753 453 1817 de
476 1753 538 1816 dea
561 1758 749 1836 usurpatur,
773 1772 882 1834 neque
907 1753 974 1816 alia
997 1752 1147 1816 eiusdem
1167 1752 1312 1816 notionis
1327 1771 1402 1816 vor.

228 1855 345 1939 Itaque
369 1860 559 1924 huiusmodi
586 1860 864 1944 significationem
886 1861 919 1922 in
938 1849 1121 1940 Ἀρτέμιδος
1141 1860 1276 1923 nomine
1291 1861 1402 1923 inesse

228 1967 338 2029 minus
362 1968 545 2031 verisimile
571 1972 621 2031 est
636 1986 746 2048 neque
761 1969 858 2047 ratio,
883 1985 947 2047 qua
967 1985 1011 2029 ex
1025 1965 1084 2028 illo
1101 1965 1266 2029 adiectivo
1281 1985 1402 2029 nomen

230 2071 414 2155 derivetur,
446 2077 527 2138 satis
557 2081 703 2158 apparet.
749 2073 951 2138 Litterarum
980 2073 1101 2136 deinde
1131 2076 1312 2136 concentus
1335 2072 1401 2136 for-

229 2180 334 2242 tuitam
359 2199 433 2244 esse
456 2186 578 2263 potest:
607 2181 751 2262 denique
776 2174 914 2260 ἀρτεμής
944 2179 1147 2242 adiectivum
1174 2197 1339 2260 nusquam
1362 2179 1403 2242 de

228 2287 342 2372 puella
364 2288 495 2371 integra
515 2293 701 2371 usurpatur,
727 2287 786 2352 sed
803 2289 838 2350 in
854 2288 1048 2349 universum
1065 2287 1211 2367 corporis
1226 2287 1405 2349 sanitatem

230 2391 438 2477 signifieatssy.
484 2394 601 2477 Itaque
630 2396 716 2458 hanc
744 2395 980 2476 etymologiam
1008 2392 1148 2475 probare
1171 2411 1238 2455 non
1259 2410 1404 2474 possum.

319 2499 446 2564 Novam
467 2493 650 2584 Ἀρτέμιδος
670 2494 821 2566 nomints
844 2501 1102 2583 explicationem
1117 2501 1153 2560 in
1169 2497 1316 2562 medium
1332 2517 1406 2581 pro-

230 2608 343 2689 posuit
370 2607 410 2668 A.
435 2604 610 2688 Goebel4),
655 2609 711 2688 qni
738 2607 997 2689 transpositione
1023 2623 1105 2667 usus
1137 2604 1204 2667 rad.
1232 2619 1322 2683 opar-
1350 2604 1406 2667 vel

232 2708 306 2789 ῥαι-
327 2715 348 2775 i.
375 2733 401 2776 e.
425 2713 558 2777 vibrare
584 2715 700 2777 statuit
724 2717 757 2777 et
770 2705 923 2792 ’Ἄρτεμιν
939 2703 1191 2774 ‘iaculatricem’
1216 2711 1405 2794 significare

232 2824 354 2884 censet.
412 2820 495 2884 Oum
528 2840 607 2885 vero
638 2821 679 2885 de
713 2821 972 2884 conformatione
1009 2819 1153 2882 nominis
1187 2822 1302 2882 auctor
1333 2820 1405 2900 ipse

232 2925 370 3009 dubitet,
386 2928 489 2992 talem
508 2928 745 3011 etymologiam
760 2927 925 2991 infirmam
940 2927 1000 2988 vix
1015 2926 1191 3006 quisquam
1207 2924 1406 3008 probaverit.

320 3032 406 3097 Sane
436 3053 455 3097 e
484 3035 661 3098 verborum
690 3034 892 3098 Graecorum
921 3033 1016 3115 copia
1057 3051 1124 3095 non
1146 3032 1248 3095 facile
1272 3035 1407 3112 etymon

231 3140 411 3222 inveneris,
434 3159 544 3222 neque
569 3159 613 3206 ex
629 3139 827 3204 Semitarum
849 3141 964 3222 lingua
982 3156 1103 3201 nomen
1119 3156 1179 3200 cur
1194 3137 1405 3219 deducamus,

232 3265 331 3310 causa
359 3246 543 3331 probabilis
576 3252 640 3330 est,
673 3248 752 3329 quin
784 3248 886 3310 etiam
913 3245 972 3308 illo
998 3232 1088 3326 'apud
1111 3242 1251 3324 Scythas
1280 3262 1344 3306 usu
1371 3242 1406 3306 id

233 3351 346 3418 facere
368 3354 593 3437 prohibemur.
640 3354 819 3418 Praeterea
844 3351 990 3416 Semitas
1014 3351 1079 3413 alio
1108 3350 1208 3414 huius
1231 3351 1313 3414 deae
1336 3356 1408 3414 ute-

231 3457 352 3522 bantur
375 3462 520 3543 nomine,
544 3478 629 3542 quae
645 3459 779 3523 Anahid
803 3459 858 3521 vel
873 3457 1007 3521 Analtis
1032 3456 1072 3520 ab
1099 3458 1142 3520 iis
1166 3457 1407 3540 appellabatur.

232 3566 385 3630 Aliorum
415 3570 527 3630 autem
555 3567 729 3631 nationum
757 3566 923 3649 imprimis
954 3582 1080 3645 aarum,
1111 3583 1196 3645 qnae
1219 3564 1336 3627 Asiam
1358 3565 1409 3626 in-

234 3673 396 3756 colebant,
422 3675 554 3758 linguas
578 3674 671 3737 velut
693 3668 904 3756 Phrygiam⁵)
929 3672 1038 3734 minus
1060 3673 1222 3753 novimus,
1250 3689 1349 3751 quam
1372 3674 1409 3732 ut

310 3831 329 3897 1)
349 3833 383 3888 cf.
403 3833 527 3896 Lauer,
544 3831 651 3901 System
671 3833 720 3886 der
738 3849 780 3901 gr.
799 3830 919 3899 Mythol·
936 3847 964 3898 p.
983 3826 1035 3882 287
1054 3845 1094 3896 sq.

309 3918 330 3985 ²)
350 3923 427 3976 velut
450 3939 468 3976 a
485 3921 623 3985 Prellero,
649 3921 739 3991 Mytb.
763 3919 810 3975 Gr.
827 3921 855 3984 I,
881 3937 907 3989 p.
927 3918 992 3982 237,
1018 3919 1043 3971 3.
1079 3915 1213 3971 Similiter
1236 3915 1293 3969 iam
1318 3915 1408 3983 Plato,

238 4007 310 4063 Orat.
329 4027 357 4078 p.
374 4006 428 4063 406
446 4010 490 4066 B.:
513 4003 635 4076 ’Ἄρτεμις
653 4005 683 4062 δὲ
699 4005 732 4061 τὸ
751 4002 862 4077 ἀρτεμὲς
880 4007 1007 4074 φαίνεται
1023 4003 1071 4058 καί
1087 4001 1209 4070 κόσμιον,
1228 4000 1276 4055 διὰ
1292 4000 1343 4070 τὴν
1359 4003 1409 4070 τῆς

233 4098 385 4166 παρθενίας
403 4095 520 4164 turoam
557 4143 561 4152 .

307 4185 329 4256 ³)
347 4189 382 4243 cf.
401 4189 482 4246 Hom.
501 4193 537 4256 H,
556 4188 617 4258 308,
635 4207 659 4244 ν.
678 4189 723 4244 43.

307 4274 329 4346 ⁴)
348 4277 498 4348 Lexilogns
515 4297 537 4334 a.
557 4279 662 4335 Homer
679 4298 706 4332 ιι.
726 4280 751 4332 d.
771 4275 950 4340 Homeriden,
968 4275 990 4340 1,
1009 4292 1037 4343 p.
1056 4274 1117 4328 594.

307 4364 329 4434 9)
349 4384 404 4435 qua
431 4368 466 4422 de
493 4369 592 4438 lingua
611 4360 739 4434 Ἄρτεμιν
766 4364 939 4420 descendisse
966 4363 1093 4418 Clemens
1118 4363 1198 4418 Alex·
1225 4361 1302 4429 dicit,
1330 4361 1364 4416 cl.
1386 4363 1409 4428 I,

234 4473 261 4524 p.
279 4453 332 4510 384
356 4457 459 4525 (Portu
491 4456 611 4525 Φρυγίαν
637 4444 724 4509 οὖσαν
749 4452 884 4523 Σίβυλλαν
902 4447 1031 4518 Ὀρφέως
1055 4445 1237 4519 ααίαιοτίραν
1263 4451 1410 4517 κεκλῆσθαι

236 4547 357 4613 Accepto.
