3367 5192
856 359 898 422 1s

288 567 502 632 tribuendum
534 563 700 650 censeo²),
731 587 806 634 curn
837 571 1013 636 nobaaima
1037 569 1098 632 illa
1128 586 1196 632 vox
1224 549 1290 643 53]
1320 567 1358 629 in
1387 566 1464 630 aliis

292 671 461 738 Semiticis
484 673 594 757 ¹lingis
618 666 786 739 ‘montem'
815 676 998 760 significet,
1027 674 1120 757 ¹qnod
1145 691 1268 738 nomen
1298 674 1389 736 certo
1413 691 1465 736 ‘err

290 779 408 844 eonem
436 779 551 844 ¹radice
578 780 788 846 ‹declinatum
815 785 875 846 est.
919 780 1069 846 Eandem
1095 780 1364 845 fenerationem
1392 786 1462 854 :m

288 885 389 950 radix
406 886 558 970 exbibet,
581 885 671 951 unde
694 889 778 952 milri
800 889 952 953 mundam
967 889 1058 952 -deao
1078 887 1224 951 nominis
1238 885 1345 949 altera
1358 885 1465 949 foruna

290 993 425 1072 Opbebe
454 993 658 1057 descendere
685 995 827 1058 ridetur.
882 994 955 1059 Iam
982 1013 1061 1058 vero
1090 993 1242 1075 quaestio
1265 996 1325 1073 est,
1351 994 1464 1054 utrum

290 1099 350 1162 illa
385 1118 469 1163 voce
506 1103 665 1164 montana
702 1099 785 1165 deae
822 1105 942 1166 nnuma
977 1096 1113 1182 (Maisan
1145 1093 1233 1179 ὀρείη
1265 1099 1464 1182 plemmrpue

289 1204 529 1290 appellabatur)
566 1225 609 1269 an
639 1207 676 1270 in
707 1209 902 1272 universnm
936 1208 1000 1272 deu
1028 1197 1180 1270 ‘excelsa
1212 1207 1269 1270 vel
1302 1195 1463 1269 sublimia’

287 1311 504 1396 significetur.
548 1309 649 1387 cuod
678 1331 754 1377 oum
780 1313 875 1378 Rhea
903 1313 1029 1395 Cybele
1058 1331 1128 1376 non
1161 1312 1270 1376 solum
1299 1311 1465 1376 mentium

289 1436 329 1482 ao
362 1419 523 1482 silvorum
561 1418 621 1482 seul
655 1419 757 1483 etiam
792 1421 966 1485 civitatum
1003 1423 1038 1484 ot
1076 1419 1301 1502 agriculturae
1336 1414 1466 1481 baem

200 1540 202 1544 ’
289 1519 404 1586 habita
435 1524 498 1606 sit,
533 1524 628 1588 illam
656 1543 761 1606 'quam
796 1543 898 1610 supra
930 1526 1120 1590 notavimus
1153 1525 1485 1608 interpretationem.

287 1629 547 1713 probabiliorem
570 1649 645 1696 esse
669 1649 799 1696 censeo.

881 1929 901 2012 t
926 1929 974 2013 ΙΙ.

291 2083 338 2158 lte
346 2065 470 2159 Dianae
485 2088 605 2158 natura
619 1930 1003 2178 mtrqmacrgznom
1013 2085 1267 2176 nytbobgorun
1277 2083 1465 2156 aentmtiaa.

378 2231 507 2298 Dianae
528 2233 735 2298 enominum
751 2234 936 2320 originibus
956 2237 991 2298 et
1005 2232 1196 2299 rubonibus
1211 2233 1285 2300 iure
1305 2232 1464 2314 colligere

289 2357 464 2424 possumus
495 2339 578 2404 deae
608 2341 676 2406 iam
704 2341 773 2406 illis
800 2341 1007 2426 temporibus
1034 2339 1187 2405 floruisse
1218 2339 1359 2420 cunum,
1389 2355 1466 2402 cum

287 2443 550 2529 Iniogermanae
574 2450 691 2530 gentes
714 2446 794 2512 Itali
818 2451 853 2512 et
875 2447 1020 2530 Pelasgi,
1051 2445 1253 2509 Graecorum
1281 2445 1397 2528 proavi
1415 2462 1464 2508 ex

288 2550 450 2615 Asiaticis
473 2551 609 2617 sedibus
632 2553 669 2616 in
691 2553 859 2639 Europam
881 2555 1071 2618 traicerent.
1117 2550 1172 2616 Ab
1187 2551 1231 2615 iis
1247 2551 1374 2615 cultum
1389 2568 1463 2615 esse

289 2658 390 2724 deum
419 2676 585 2722 summum
606 2663 647 2723 et
673 2661 860 2724 maximnm
891 2659 1009 2726 Iovem
1037 2661 1060 2723 i.
1090 2678 1119 2723 e.
1150 2658 1290 2722 Caelum
1324 2655 1464 2740 (Sanscr.

287 2764 394 2848 ibus)
427 2765 649 2850 etymologica
676 2767 805 2831 ratione
833 2766 945 2831 edocti
966 2784 1127 2850 perquam
1151 2768 1242 2829 certe
1263 2758 1464 2844 novimustt.

286 2869 328 2936 Id
350 2889 429 2934 vero
448 2889 557 2954 genus
580 2872 761 2954 hominum,
789 2873 850 2954 qui
868 2873 1019 2936 nondum
1040 2871 1146 2935 firmis
1170 2869 1305 2935 sedibus
1326 2872 1383 2934 usi
1403 2889 1465 2954 per
1499 2876 1502 2881 '

286 2981 394 3040 terras
421 2976 639 3059 vagabantur,
674 2978 855 3060 praecipue
886 2977 1040 3041 venando
1072 2981 1106 3040 et
1139 2975 1305 3058 pascendo
1336 2978 1465 3040 rictum

286 3099 448 3164 quaerere
484 3082 696 3165 cogebantur.
756 3082 875 3166 ltaque
915 3100 1030 3146 eorum
1061 3082 1153 3146 salus
1188 3099 1228 3145 ac
1258 3081 1396 3145 divitiae
1426 3084 1465 3146 in

287 3187 471 3252 bestiarum
513 3207 736 3272 pecorumque
774 3188 990 3253 multitudine
1023 3192 1062 3252 et
1099 3191 1263 3251 arrarum
1298 3188 1465 3271 imprimis

286 3311 483 3378 pascumum
512 3294 689 3360 fertilitate
716 3296 827 3380 posita
859 3297 963 3377 erant,
996 3312 1083 3376 qnae
1118 3311 1195 3356 cnm
1228 3293 1465 3379 intellegerent

286 3418 348 3464 sua
377 3419 477 3483 opera
507 3401 597 3466 effici
628 3421 823 3486 surpasse,
853 3403 1028 3466 numinum
1059 3401 1149 3464 hanc
1174 3419 1254 3465 esse
1281 3404 1465 3485 potentiam

288 3506 479 3571 comebant.
528 3508 572 3574 ut
604 3509 752 3574 leminea
786 3509 922 3592 quidem
954 3511 1007 3573 vis
1037 3510 1074 3572 in
1100 3507 1297 3592 procreandi
1325 3512 1464 3572 neumae

285 3610 445 3676 facultate
480 3614 591 3678 inesse
623 3616 692 3679 illis
727 3615 913 3700 videbatur,
949 3633 1051 3698 qnare
1085 3618 1218 3698 praeter
1253 3613 1338 3677 illud
1371 3613 1462 3678 Iovis

286 3719 509 3783 masculinum
539 3739 664 3784 numen
696 3722 838 3786 alterum
874 3722 1087 3786 crediderunt
1121 3739 1196 3784 asse
1219 3718 1350 3803 Terrae,
1378 3738 1463 3802 quae

284 3825 416 3888 semina
439 3825 526 3890 caeli
547 3826 711 3891 imbribus
734 3829 859 3892 iactata
882 3829 1063 3911 exciperet.
1108 3825 1148 3890 Id
1169 3844 1293 3890 numen
1315 3830 1351 3890 in
1374 3829 1464 3891 omni

285 3931 470 3995 bestiarum
493 3932 731 4014 hominumque
755 3934 987 4017 procreatione
1009 3935 1135 4016 pariter
1157 3937 1257 4014 atque
1280 3934 1317 3996 in
1339 3934 1462 4017 plantis

285 4036 409 4102 efficax
441 4056 514 4102 esee
544 4039 734 4122 cogitabant
766 4042 905 4122 eiusque
937 4041 1016 4122 vim,
1047 4058 1146 4121 quam
1173 4041 1209 4102 in
1236 4041 1461 4122 generationis

360 4244 383 4312 ¹)
402 4247 492 4303 Aliter
510 4249 658 4318 Preller,
684 4251 775 4319 Myon.
793 4249 840 4306 Gr.
862 4251 889 4319 1,
915 4269 943 4322 p.
961 4250 1026 4306 529:
1054 4250 1133 4305 Auch
1159 4250 1209 4304 der
1232 4250 1322 4305 Numa
1346 4245 1461 4320 Κυβέλη,

283 4351 393 4390 worans
419 4336 450 4391 in
474 4337 584 4406 Lydien
610 4335 724 4408 Κνβήβη
749 4341 900 4409 gewordan
923 4340 971 4406 iat.
998 4340 1095 4395 deutat
1121 4338 1171 4392 auf
1192 4339 1239 4393 die
1263 4338 1376 4394 Hohlen
1402 4338 1461 4392 und

283 4422 503 4493 hbhlenurtigen
521 4423 729 4496 Heiligthltmcr
746 4429 794 4482 dea
812 4427 948 4496 Gebirges
966 4444 1023 4483 von
1040 4427 1193 4496 Phrygiam

360 4507 382 4578 2)
402 4511 435 4566 ci.
455 4512 598 4583 Benfey,
617 4513 715 4570 Oriant
732 4517 791 4570 und
809 4515 952 4582 Occidunt,
972 4514 993 4581 l,
1012 4533 1039 4584 p.
1057 4515 1103 4569 49.
