3367 5192
843 373 885 434 72

277 584 312 646 et
327 597 460 663 proces
492 579 575 644 deae
609 581 779 647 deberent.
823 581 941 664 Itaque
972 584 1009 646 in
1038 581 1173 666 publico
1203 581 1330 646 Dianae
1359 583 1452 646 cultu

277 687 472 770 saepissime
509 686 698 772 puellarum
735 688 876 752 choreae
911 687 1168 770 adhibebantur,
1208 705 1348 768 quarum
1384 687 1452 750 iam

276 791 442 857 Homerus
477 790 528 874 (Π
544 812 574 856 v.
600 793 677 873 183)
699 795 915 886 mentionem
947 793 1037 858 facit.
1099 792 1177 857 Deli
1211 794 1452 874 antiquissimis

279 900 346 962 iam
375 897 579 982 temporibus
612 897 752 964 choreae
779 898 921 980 hymnos
953 901 990 963 in
1012 899 1206 983 Apollinem
1236 903 1269 962 et
1291 898 1453 963 Latonam

281 1008 315 1069 et
329 1004 470 1070 Dianam
494 1003 697 1086 canebant¹).
727 1003 909 1070 Notissima
931 1003 1053 1070 deinde
1076 1009 1128 1068 est
1142 1003 1319 1068 Brauronii
1342 1005 1452 1068 cultus

281 1113 490 1194 caerimonia,
515 1105 745 1194 quadripartia
764 1107 1034 1191 nominabatur2).
1065 1111 1214 1190 Dumque
1229 1109 1338 1173 Diana
1352 1111 1453 1173 simul

279 1217 441 1280 naturalis
464 1217 527 1282 des
541 1221 640 1300 esset,
664 1217 791 1281 fructus
808 1217 840 1281 ei
856 1236 877 1280 a
897 1218 1085 1301 puellarum
1100 1216 1231 1280 choreis
1246 1217 1283 1278 in
1299 1217 1452 1280 canmtris

279 1321 510 1412 offerebantur,
539 1321 628 1387 unde
654 1321 842 1403 κανηφοοία
867 1323 952 1387 ritus
978 1322 1168 1404 vocabatur,
1196 1323 1255 1403 qui
1277 1318 1452 1400 Athenisb

282 1428 429 1508 alibique
464 1429 695 1511 exercebatur,
729 1430 824 1494 velut
858 1427 974 1510 Garyis
1008 1431 1044 1492 in
1080 1428 1235 1493 Laconia.
1292 1427 1454 1492 Similiter

281 1534 514 1618 Spartanorum
536 1535 668 1617 puellae
694 1535 730 1597 in
750 1532 880 1598 Dianae
905 1535 1032 1618 templo
1055 1535 1173 1598 choros
1196 1533 1370 1617 ducebant,
1394 1531 1454 1598 sed

280 1642 390 1704 minus
420 1641 567 1722 graviter
597 1645 631 1704 et
660 1641 879 1723 sollemniter,
917 1659 1017 1722 quam
1046 1643 1084 1704 in
1112 1640 1246 1723 publico
1276 1641 1359 1719 loco,
1398 1639 1455 1703 vel

281 1744 450 1809 interdum
479 1746 604 1809 lascive
633 1748 667 1810 et
694 1748 789 1826 quasi
817 1744 1024 1826 Bacchice⁴).
1067 1745 1102 1810 ls
1129 1765 1209 1810 vero
1239 1747 1324 1810 ritus
1351 1747 1455 1828 tripu·

281 1851 412 1915 diorum
426 1852 626 1915 lascivorum
641 1858 713 1916 tum
728 1852 862 1916 demum
878 1854 1033 1916 extitisse
1047 1853 1188 1934 videtur,
1205 1871 1280 1917 cum
1295 1850 1456 1915 Bacchici
1509 1937 1514 1941 ι

285 1957 395 2021 cultus
416 1957 641 2041 vulgarentur,
665 1958 874 2038 Asiatioique
896 1975 1006 2021 mores
1021 1975 1042 2021 a
1057 1956 1195 2021 Graecis
1217 1959 1454 2041 reciperentur.

282 2060 451 2144 Lydorum
484 2064 574 2126 enim
607 2064 693 2128 tales
728 2063 924 2128 saltationes
958 2066 1061 2126 erant.
1105 2061 1257 2127 Imitatas
1291 2081 1347 2127 aas
1382 2081 1455 2127 esse
1524 2076 1531 2083 '

281 2168 423 2233 Dianam
456 2169 742 2253 nympharumque
775 2167 908 2233 turbam
941 2187 1004 2252 per
1036 2167 1142 2232 'saltus
1175 2169 1321 2233 venandi
1356 2187 1456 2233 causa

282 2280 460 2358 vagantem
482 2273 679 2340 Weleherus
703 2273 772 2356 (Th.
796 2273 851 2339 Gr.
874 2272 919 2358 Π,
942 2295 974 2358 p.
999 2275 1063 2339 392
1087 2273 1148 2357 sq.)
1172 2275 1352 2339 existimat.

371 2380 500 2448 Deinde
515 2380 625 2445 Diana
647 2399 666 2444 a
688 2380 875 2445 nutricibus
890 2380 1141 2446 Lacedaemone
1165 2380 1346 2464 colebatur,
1369 2399 1455 2464 quae

282 2487 406 2552 liberos
434 2487 567 2550 divinae
597 2486 853 2551 benevolentiae
884 2485 1168 2568 commendabant,
1198 2490 1237 2549 ut
1267 2488 1456 2552 morborum

280 2594 432 2676 pericula
442 2593 505 2656 dea
521 2592 561 2656 ab
578 2593 627 2656 eis
644 2585 812 2672 arceret5),
835 2609 921 2672 quae
936 2592 1111 2656 sollemnia
1132 2588 1346 2672 Τιθηνίᾶια
1362 2611 1457 2656 voca·
1564 2635 1572 2650 .

282 2693 442 2779 bantur⁶).
478 2697 586 2761 Diana
608 2701 733 2779 autem,
758 2698 813 2760 cui
835 2697 919 2761 haec
942 2716 1036 2761 sacra
1058 2696 1192 2779 fiebant,
1217 2696 1458 2775 Koovbalta

283 2804 338 2867 vel
370 2799 578 2880 Koovbotiaa
609 2805 840 2886 cognominata
872 2805 953 2884 erat,
984 2801 1072 2884 quod
1101 2819 1224 2866 nomen
1252 2801 1338 2864 mihi
1367 2799 1458 2864 idem

286 2908 474 2992 significare
501 2908 643 2991 videtur,
674 2907 763 2990 quod
786 2905 1035 2991 Κουροτρόφος,
1065 2926 1130 2989 quo
1158 2909 1232 2991 ipso
1261 2908 1456 2989 cognomine

286 3014 395 3079 Diana
426 3010 686 3097 appellabator⁷)
719 3018 753 3078 et
778 3009 941 3096 Hecata⁸)
973 3019 1007 3078 et
1031 3009 1171 3095 OeresD.
1210 3004 1457 3097 ‘Durotrophus'

286 3117 339 3182 vel
362 3120 483 3183 omisso
506 3121 639 3184 nomine
662 3119 797 3202 proprio
821 3119 1052 3202 appellabatur
1065 3119 1160 3183 velut
1176 3118 1216 3185 ab
1232 3119 1456 3201 Aristophane

284 3221 481 3307 Thesmoph.
503 3243 533 3287 v.
556 3225 631 3306 297,
658 3223 717 3289 ubi
741 3224 921 3289 scholiasta
942 3223 1079 3288 Terram
1101 3223 1244 3288 Matrem
1273 3221 1456 3306 significari

360 3449 380 3518 ι)
398 3449 503 3520 Hymn.
520 3451 603 3509 Hom.
621 3452 651 3507 in
669 3451 763 3522 Apoll
781 3469 808 3507 v.
828 3451 888 3509 159.
925 3451 960 3507 ci.
979 3450 1081 3507 Herod.
1099 3449 1148 3517 IV,
1166 3450 1211 3517 35,
1314 3481 1317 3489 =

357 3537 379 3608 ²)
398 3539 433 3595 oi.
449 3539 608 3609 Suchier,
626 3541 663 3595 da
681 3539 772 3595 Diana
789 3539 951 3605 Brauronia,
969 3557 998 3610 p.
1016 3536 1052 3592 26
1068 3555 1130 3606 sqq.

357 3625 379 3696 8)
399 3627 434 3683 ol.
451 3627 593 3698 Aristoph.
610 3627 710 3697 Lysnt
731 3645 758 3684 v.
776 3629 838 3684 olo.

359 3712 383 3782 ⁴)
402 3715 494 3772 Sobel.
512 3715 575 3770 Eur.
594 3714 663 3772 Hes.
680 3733 707 3772 v.
720 3714 786 3770 915:
804 3711 835 3768 ai
847 3712 970 3784 Δωρίδος
979 3712 1061 3779 κόροι
1072 3707 1214 3781 ἐρχόμενοι
1224 3712 1263 3774 ala
1273 3709 1322 3766 adv
1332 3708 1401 3764 andr
1411 3711 1460 3778 τῆς

280 3797 435 3955 ’,4μὲίῖθοῖ
452 3798 720 3946 ἔέθοοοιοὲιαιὴμοέἒ
737 3797 902 3944 ἑνὸςῙέιοῖον
917 3801 1031 3942 χςτῶνος
1048 3795 1194 3869 ὠρχοῦντο.

400 3906 436 3950 ο,
479 3907 557 3960 ymn.
601 3908 663 3960 rp.
718 3905 769 3957 ‚a
805 3904 960 3966 ¹er..

358 3973 381 4044 ⁸)
400 3976 502 4034 Athon·
520 3978 546 4044 4,
567 3977 619 4032 189
637 3993 663 4043 a,
681 3976 709 4032 b.

361 4061 382 4133 ⁷)
401 4065 505 4136 Hymn.
523 4064 610 4135 Orph.
628 4064 677 4130 36,
701 4082 728 4120 v.
746 4065 775 4120 8:
793 4063 901 4134 βροτοῖο
917 4058 1089 4130 mutabor
1107 4061 1216 4128 δαῖμον.
1259 4059 1341 4116 Diod.
1358 4057 1393 4128 V,
1412 4059 1459 4114 73:

285 4146 409 4221 Ἀοτομοο
431 4147 464 4206 δέ
479 4165 567 4221 φασιν
588 4146 676 4220 abacis
700 4147 751 4219 τὴν
772 4151 828 4205 :ev
848 4150 955 4219 maim
975 4147 1095 4204 comm
1114 4147 1266 4214 branam
1286 4145 1333 4201 ιιι)
1354 4144 1462 4214 τροφάς

285 4256 363 4300 τινας
385 4233 559 4338 {apodicticae
578 4238 612 4308 τῇ
635 4235 715 4306 φύσει
737 4238 794 4290 τῶν
816 4237 942 4308 βρεφῶν·
968 4230 1019 4302 ἀφ’
1041 4227 1076 4304 ἧς
1100 4235 1191 4296 αἰτίας
1207 4231 1255 4288 ιο)
1270 4231 1461 4302 κουροτρόφον

285 4325 637 4481 Μῖῖἑοοέζξίᾞοος.
655 4428 682 4466 v.
699 4409 753 4468 leo
770 4427 811 4480 aq.
847 4410 932 4479 llyn.
951 4408 1037 4478 Orph.
1055 4407 1077 4474 Ι,
1095 4425 1122 4464 v.
1141 4407 1166 4464 7.

359 4496 383 4567 ο)
402 4501 486 4569 Hym.
504 4499 590 4569 Orph.
608 4501 652 4566 40,
671 4517 697 4554 v.
715 4497 741 4554 2.
777 4498 897 4568 Hesych.
914 4515 936 4555 a.
953 4515 981 4553 r.
