3367 5192
873 353 916 416 96

308 554 475 620 Παλλάδια
496 558 565 623 dici
586 564 766 643 potnerunt
788 562 882 625 velut
902 560 988 625 illud
1011 563 1144 644 insigne
1170 561 1357 645 Troianum,
1387 567 1483 630 cuins

308 661 349 724 de
363 665 554 744 praesentia
570 667 659 728 salus
674 664 768 730 urbis
783 665 1003 748 dependebat,
1026 685 1112 748 quae
1128 668 1212 732 mihi
1228 686 1294 731 non
1309 668 1482 734 Minervae

306 766 366 830 sed
393 769 646 849 antiquissimae
669 769 797 834 Dianae
826 775 935 836 statua
962 772 1095 836 videtur
1116 772 1232 852 fuisse,
1264 791 1341 837 oum
1364 791 1383 837 e
1405 771 1482 838 Tro-

305 872 458 936 ianorum
479 878 575 957 parte
600 874 709 938 Diana
732 876 819 959 apud
841 875 1025 940 Homerum
1048 881 1163 958 staret,
1194 875 1347 942 Minerva
1370 883 1482 942 autem

305 977 425 1042 iisdem
452 980 642 1044 adversaria
670 986 767 1045 esset
818 980 947 1067 Dianae
973 1001 1053 1046 vero
1083 984 1210 1046 cultum
1237 985 1274 1045 in
1296 984 1399 1048 Asiae
1423 1002 1481 1047 ora

305 1085 471 1148 maritima
494 1084 711 1168 finitimisque
740 1087 932 1169 regionibus
959 1088 1132 1171 vulgatum
1160 1087 1265 1152 fuisse
1292 1107 1392 1172 snpra
1413 1090 1482 1152 iam

304 1192 507 1271 notammus,
536 1209 637 1273 quare
664 1191 751 1255 nihil
778 1191 983 1274 probabilius
1007 1196 1059 1256 est
1087 1211 1187 1274 quam
1209 1191 1326 1257 Troiae
1351 1212 1482 1275 quoque

304 1293 433 1358 Dianae
458 1297 583 1360 cultim
608 1297 772 1378 quondam
794 1294 986 1378 floruisse¹).

392 1400 487 1466 Haec
517 1402 585 1464 iam
615 1419 695 1465 vero
727 1401 769 1464 de
792 1400 954 1465 Palladiis
982 1403 1093 1485 opinio
1124 1404 1225 1467 etiam
1248 1422 1288 1468 eo
1311 1403 1480 1488 probatur,

305 1507 392 1587 quod
416 1505 577 1570 Tauricae
592 1505 720 1570 Dianae
744 1508 849 1588 signa,
873 1525 958 1589 quae
978 1508 1016 1569 in
1029 1509 1170 1589 picturis
1187 1508 1363 1591 Iphigenia
1376 1512 1480 1591 tenet,

304 1613 391 1676 hano
414 1613 580 1676 hastatam
603 1610 764 1674 exhibent
787 1605 924 1692 deam²),
948 1628 1048 1692 quam
1069 1613 1137 1676 nisi
1159 1611 1336 1696 Iphigenia
1357 1612 1481 1696 figuras

303 1717 454 1798 haberet,
477 1718 550 1781 sine
573 1716 675 1780 dubio
696 1713 871 1779 Palladem
893 1717 1149 1780 nominaremus.

392 1822 442 1887 Ne
480 1827 593 1886 tamen
630 1824 717 1886 hano
753 1821 949 1886 bellicosam
985 1821 1129 1886 Dianam
1164 1822 1366 1888 Graecorum
1406 1843 1480 1889 esse

302 1927 510 2012 peculiarem
542 1929 638 1992 deam
660 1928 848 2011 putaveris:
878 1927 1019 1991 Romani
1052 1947 1182 2010 quoque
1215 1947 1290 1992 eam
1316 1935 1482 1998 noverunt

302 2033 431 2097 Dianae
461 2037 621 2098 natinam.
668 2032 786 2097 Gentis
814 2034 904 2097 enim
926 2032 1116 2097 Hostilinae
1144 2036 1180 2096 in
1203 2036 1346 2098 monetis
1371 2034 1479 2099 Diana

303 2143 430 2203 armata
459 2139 587 2204 caelata
615 2134 704 2221 esd),
733 2157 832 2220 qnam
854 2137 1061 2202 Hostilinam
1082 2140 1256 2202 nominare
1280 2140 1368 2203 lieet.
1414 2138 1481 2202 De·

302 2245 382 2308 inde
416 2245 472 2308 vel
505 2263 602 2309 omne
632 2244 857 2308 Romanorum
889 2245 1068 2327 imperium
1099 2254 1120 2308 a
1146 2248 1261 2313 nostra
1291 2245 1354 2310 dea
1384 2247 1481 2328 quasi

303 2369 499 2415 eoncessum
525 2352 568 2415 iis
601 2353 635 2414 et
657 2349 877 2414 condonatum
912 2349 1092 2413 exhibetur
1126 2350 1187 2413 illa
1220 2350 1343 2432 fabula,
1379 2369 1481 2432 quam

302 2454 419 2520 Livius
443 2454 480 2538 (Ι,
503 2457 563 2536 45)
585 2455 740 2519 tradidit:
764 2458 860 2518 vates
883 2454 1048 2536 quondam
1071 2457 1243 2537 cecinisse,
1265 2457 1375 2519 utrius
1399 2456 1481 2519 civi-

302 2561 391 2643 tatis,
416 2580 460 2625 se.
483 2560 652 2624 Romanae
676 2564 733 2624 aut
756 2558 910 2639 Sabinae,
936 2560 1026 2623 eires
1050 2559 1171 2624 bovem
1186 2561 1338 2624 miranda
1353 2562 1482 2644 magni=

302 2665 418 2730 tudine
450 2670 484 2730 et
511 2667 623 2749 specie
655 2664 782 2728 Dianae
811 2665 1048 2747 immolassent,
1079 2683 1183 2747 penes
1213 2685 1288 2729 eam
1316 2665 1388 2730 fore
1418 2666 1482 2728 im·-

302 2773 442 2855 perium.
486 2770 609 2835 Notum
638 2775 689 2836 est
709 2771 897 2835 Romanum
927 2771 1111 2834 antistitem
1141 2770 1326 2835 calliditate
1358 2769 1480 2834 Sabino

303 2881 458 2961 superato
483 2875 604 2941 bovem
633 2876 730 2939 illum
760 2876 960 2957 immolasse,
989 2875 1079 2939 unde
1105 2875 1266 2939 Romanis
1300 2876 1480 2958 imperium

304 2983 485 3065 contigisse
520 2981 765 3045 existimabant.
818 2979 927 3044 Diana
959 2980 1063 3063 igitur
1096 2982 1131 3042 in
1166 2981 1332 3044 Aventino
1367 2984 1479 3044 monte

304 3088 395 3151 culta
420 3086 603 3150 secundum
630 3086 715 3149 hano
744 3085 893 3149 fabulam
921 3103 961 3149 ea
990 3087 1050 3166 est,
1084 3086 1178 3149 ouius
1206 3085 1248 3148 de
1271 3087 1422 3168 potentia
1445 3088 1480 3152 et

304 3191 539 3256 benevolentia
560 3190 745 3254 Romanum
767 3191 945 3274 imperium
968 3189 1173 3273 dependerit

554 3593 558 3602 ,
795 3501 921 3605 Gapnt
946 3503 990 3584 X.

561 3677 606 3748 De
627 3676 749 3748 Dianas
771 3676 879 3749 ethica
900 3679 933 3748 et
954 3675 1077 3748 uruca
1098 3678 1229 3747 natura.

393 3822 512 3903 Diana,
547 3842 631 3904 qnae
659 3823 814 3905 primitus
840 3822 1027 3886 naturalem
1055 3821 1202 3885 indolem
1228 3818 1376 3903 praebet,
1410 3818 1479 3882 iam

306 3930 536 4011 antiquissima
574 3931 685 3991 aetate
723 3928 869 3990 ethicam
905 3931 1059 3990 natanam
1094 3927 1213 3990 induit
1271 3925 1355 3989 Cum
1389 3924 1478 3988 enim

305 4036 469 4099 humanae
500 4035 592 4097 vitae
625 4031 829 4115 praesidium
864 4036 898 4096 et
931 4031 1117 4096 custodiam
1145 4030 1269 4095 habere
1297 4032 1480 4114 putaretur,

380 4293 400 4363 ¹)
418 4295 453 4351 cf.
472 4295 576 4364 Saycc
594 4295 625 4349 in
642 4293 832 4350 Sohliemanni
849 4292 924 4348 libro
940 4283 1020 4347 ‘ilios’
1040 4290 1117 4359 1881,
1137 4309 1166 4361 p.
1185 4290 1247 4346 769.

340 4431 343 4438 «
378 4380 585 4452 ¹)Arobaolog.
603 4383 690 4451 Zeitg.
709 4382 729 4437 l.
747 4381 767 4437 l.

378 4469 400 4539 ⁸)
419 4470 570 4538 Oreum,
588 4469 734 4540 Symbolik
752 4468 774 4537 1,
792 4469 818 4535 8,
836 4469 862 4534 3,
880 4467 939 4524 tab.
957 4467 992 4534 V,
1010 4486 1039 4524 n.
1057 4467 1104 4524 26.
